% ===== ARTICOLI ACCADEMICI E CONFERENZE =====

@article{avizienis2004basic,
    author = {Avizienis, A. and Laprie, J.-C. and Randell, B. and Landwehr, C.},
    title = {Basic concepts and taxonomy of dependable and secure computing},
    journal = {IEEE Transactions on Dependable and Secure Computing},
    volume = {1},
    number = {1},
    pages = {11--33},
    year = {2004},
    month = {1},
    doi = {10.1109/TDSC.2004.2},
    publisher = {IEEE}
}

@article{armbrust2010view,
    author = {Armbrust, M. and Fox, A. and Griffith, R. and Joseph, A. D. and Katz, R. and Konwinski, A. and Lee, G. and Patterson, D. and Rabkin, A. and Stoica, I. and Zaharia, M.},
    title = {A view of cloud computing},
    journal = {Communications of the ACM},
    volume = {53},
    number = {4},
    pages = {50--58},
    year = {2010},
    month = {4},
    doi = {10.1145/1721654.1721672},
    publisher = {ACM}
}

@inproceedings{agrawal2011big,
    author = {Agrawal, D. and Das, S. and {El Abbadi}, A.},
    title = {Big data and cloud computing: current state and future opportunities},
    booktitle = {Proceedings of the 14th International Conference on Extending Database Technology},
    year = {2011},
    pages = {530--533},
    address = {Uppsala, Sweden},
    publisher = {ACM},
    doi = {10.1145/1951365.1951432}
}

@techreport{miercom2018nexus,
    author = {{Miercom Labs}},
    title = {Cisco Nexus 3064 Switch Detailed Lab Report},
    institution = {Miercom},
    year = {2018},
    type = {Technical Report},
    url = {https://isp-tech.ru/data/cisco/cisco-n3k-c3064-miercom-test.pdf},
    urldate = {2025-07-21}
}

@techreport{miercom2018catalyst,
    author = {{Miercom Labs}},
    title = {Cisco Catalyst 9500 Series Performance Validation},
    institution = {Miercom},
    year = {2018},
    month = {7},
    type = {Technical Report},
    url = {https://miercom.com/pdf/reports/180711I.pdf},
    urldate = {2025-07-21}
}

@article{mirkovic2004taxonomy,
    author = {Mirkovic, J. and Reiher, P.},
    title = {A taxonomy of {DDoS} attack and {DDoS} defense mechanisms},
    journal = {ACM SIGCOMM Computer Communication Review},
    volume = {34},
    number = {2},
    pages = {39--53},
    year = {2004},
    month = {4},
    doi = {10.1145/997150.997156},
    publisher = {ACM}
}

@article{buyya2009cloud,
    author = {Buyya, R. and Yeo, C. S. and Venugopal, S. and Broberg, J. and Brandic, I.},
    title = {Cloud computing and emerging {IT} platforms: Vision, hype, and reality for delivering computing as the 5th utility},
    journal = {Future Generation Computer Systems},
    volume = {25},
    number = {6},
    pages = {599--616},
    year = {2009},
    month = {6},
    doi = {10.1016/j.future.2008.12.001},
    publisher = {Elsevier}
}

@online{dell2023mtbf,
    author = {{Dell Technologies}},
    title = {{MTBF} Value},
    year = {2023},
    url = {https://www.dell.com/community/en/conversations/poweredge-hardware-general/mtbf-value/647f194ef4ccf8a8dec2ce72},
    urldate = {2025-07-21},
    organization = {Dell Technologies Community Forum}
}

@techreport{kindervag2010zero,
    author = {Kindervag, J.},
    title = {No More Chewy Centers: Introducing The Zero Trust Model Of Information Security},
    institution = {Forrester Research},
    year = {2010},
    type = {Technical Report}
}

@techreport{avasant2024spending,
    author = {{Avasant}},
    title = {{IT} Spending \& Staffing Study - Europe},
    institution = {Avasant},
    year = {2024},
    type = {Research Report},
    url = {https://avasant.com/research/it-spending-and-staffing-study-europe/},
    urldate = {2025-07-21}
}

@online{hpe2023mtbf,
    author = {{Hewlett Packard Enterprise}},
    title = {{MTBF} for servers},
    year = {2023},
    url = {https://community.hpe.com/t5/proliant-servers-ml-dl-sl/mtbf-for-servers/td-p/4086098},
    urldate = {2025-07-21},
    organization = {HPE Community}
}

@online{serverfault2023mtbf,
    title = {Where do you find your {MTBF} data?},
    year = {2023},
    url = {https://serverfault.com/questions/25638/where-do-you-find-your-mtbf-data},
    urldate = {2025-07-21},
    organization = {Server Fault}
}

@online{reddit2023failure,
    title = {Average Failure Rate for Servers?},
    year = {2023},
    url = {https://www.reddit.com/r/sysadmin/comments/1pgte4/average_failure_rate_for_servers/},
    urldate = {2025-07-21},
    organization = {Reddit - r/sysadmin}
}

@inproceedings{wang2017datacenter,
    author = {Wang, G. and Zhang, L. and Xu, W.},
    title = {What Can We Learn from Four Years of Data Center Hardware Failures?},
    booktitle = {2017 47th Annual IEEE/IFIP International Conference on Dependable Systems and Networks (DSN)},
    year = {2017},
    pages = {25--36},
    address = {Denver, CO, USA},
    publisher = {IEEE},
    doi = {10.1109/DSN.2017.23}
}

% ===== REPORT DI SETTORE E WHITE PAPERS =====

@online{meter2024tco,
    author = {{Meter}},
    title = {{IT} Total Cost of Ownership: Definition, formula \& examples},
    year = {2024},
    url = {https://www.meter.com/resources/it-total-cost-of-ownership},
    urldate = {2025-07-21}
}

@online{scale2024tco,
    author = {{Scale Computing}},
    title = {Total Cost of Ownership ({TCO}) Calculator},
    year = {2024},
    url = {https://www.scalecomputing.com/total-cost-of-ownership-tco-calculator},
    urldate = {2025-07-21}
}

@online{datacate2024tco,
    author = {{DataCate}},
    title = {Total Cost of Ownership ({TCO}) for {IT} Investments: A Guide for Small Businesses},
    year = {2024},
    url = {https://www.datacate.com/total-cost-of-ownership-tco-for-it-investments-a-guide-for-small-businesses/},
    urldate = {2025-07-21}
}

@online{abb2024downtime,
    author = {{ABB}},
    title = {{ABB} survey reveals unplanned downtime costs \$125,000 per hour},
    year = {2024},
    url = {https://new.abb.com/news/detail/107660/abb-survey-reveals-unplanned-downtime-costs-125000-per-hour},
    urldate = {2025-07-21},
    organization = {ABB News Center}
}

@online{iomdatacentre2024downtime,
    author = {{Isle of Man Data Centre}},
    title = {The True Cost of Downtime: Why Infrastructure Matters},
    year = {2024},
    url = {https://www.isleofmandatacentre.com/insights/the-true-cost-of-downtime-why-infrastructure-matters},
    urldate = {2025-07-21}
}

@techreport{worldbank2023gdpr,
    author = {{World Bank}},
    title = {Costs of Compliance and Enforcement of Data Protection Regulation},
    institution = {World Bank},
    year = {2023},
    type = {Open Knowledge Repository},
    url = {https://openknowledge.worldbank.org/server/api/core/bitstreams/8488b9ee-82d4-5da0-bf7a-552150f8bccc/content},
    urldate = {2025-07-21}
}

@online{deloitte2023privacy,
    author = {{Deloitte}},
    title = {Privacy Compliance 2.0: {GDPR} Getting More Serious},
    year = {2023},
    url = {https://www.deloitte.com/be/en/blogs/cyber-corner/2023/privacy-compliance-2-gdpr-getting-more-serious.html},
    urldate = {2025-07-21}
}

@online{itgovernance2023gdpr,
    author = {{IT Governance}},
    title = {How Much Does {GDPR} Compliance Cost in 2023?},
    year = {2023},
    url = {https://www.itgovernance.eu/blog/en/how-much-does-gdpr-compliance-cost-in-2020},
    urldate = {2025-07-21},
    organization = {IT Governance Blog}
}

@online{ampcus2024gdpr,
    author = {{AMPCUS Cyber}},
    title = {European Bank Achieved {GDPR} Compliance to Accelerate its Digital Transformation},
    year = {2024},
    url = {https://www.ampcuscyber.com/case-study/european-bank-achieved-gdpr-compliance-to-accelerate-its-digital-transformation/},
    urldate = {2025-07-21},
    type = {Case Study}
}

@online{aaf2024privacy,
    author = {{American Action Forum}},
    title = {The Price of Privacy: The Impact of Strict Data Regulations on Innovation and More},
    year = {2024},
    url = {https://www.americanactionforum.org/insight/the-price-of-privacy-the-impact-of-strict-data-regulations-on-innovation-and-more/},
    urldate = {2025-07-21}
}

@online{stickmancyber2024pci,
    author = {{StickmanCyber}},
    title = {How Much Does {PCI DSS} Compliance Cost?},
    year = {2024},
    url = {https://blogs.stickmancyber.com/cybersecurity-blog/pci-dss-compliance-cost},
    urldate = {2025-07-21}
}

@online{reddit2024pci,
    title = {{PCI DSS} Compliance Cost - I asked 300 companies},
    year = {2024},
    url = {https://www.reddit.com/r/pcicompliance/comments/1l8xtyh/pci_dss_compliance_cost_i_asked_300_companies/},
    urldate = {2025-07-21},
    organization = {Reddit - r/pcicompliance}
}

@article{biztech2024pci,
    author = {{BizTech Magazine}},
    title = {Understanding {PCI DSS} 4.0: A Guide for {IT} Leaders in Retail},
    journal = {BizTech Magazine},
    year = {2024},
    month = {5},
    url = {https://biztechmagazine.com/article/2024/05/pci-dss-40-guide-for-retail-it-leaders-perfcon},
    urldate = {2025-07-21}
}

@online{datadome2025pci,
    author = {{DataDome}},
    title = {{PCI DSS} 4.0 Compliance Checklist for 2025},
    year = {2025},
    url = {https://datadome.co/learning-center/pci-compliance-checklist/},
    urldate = {2025-07-21}
}

@online{blazeinfosec2024nis2,
    author = {{Blaze Information Security}},
    title = {{NIS} 2 Directive: How Will It Affect Cybersecurity In The {EU}?},
    year = {2024},
    url = {https://www.blazeinfosec.com/post/nis-2-directive-cybersecurity/},
    urldate = {2025-07-21}
}

@online{telefonicatech2024nis2,
    author = {{Telef√≥nica Tech}},
    title = {{NIS2} Directive ({IV}): the cost of non-compliance in Cyber Security},
    year = {2024},
    url = {https://telefonicatech.com/en/blog/nis2-directive-iv-the-cost-of-non-compliance-in-cyber-security},
    urldate = {2025-07-21}
}

@techreport{thales2024nis2,
    author = {{Thales Group}},
    title = {Network and Information Security Directive 2 ({NIS2})},
    institution = {Thales},
    year = {2024},
    type = {Report},
    url = {https://www.exclusive-networks.com/wp-content/uploads/2024/07/Thales-NIS2-Report.pdf},
    urldate = {2025-07-21}
}

% ===== STANDARD E NORMATIVE =====

@manual{pcissc2024standard,
    title = {Payment Card Industry Data Security Standard v4.0.1},
    organization = {{PCI Security Standards Council}},
    year = {2024},
    type = {Standard},
    url = {https://www.middlebury.edu/sites/default/files/2025-01/PCI-DSS-v4_0_1.pdf},
    urldate = {2025-07-21}
}

@online{eurocis2025nis2,
    author = {{EuroCIS}},
    title = {{NIS} 2: Why all retailers should be familiar with the new cyber security directive},
    year = {2025},
    url = {https://www.eurocis-tradefair.com/en/Euro_CIS_2025/Cybersecurity_A_must_for_all_retailers},
    urldate = {2025-07-21}
}

@online{nis2directive2024,
    title = {The {NIS} 2 Directive | Updates, Compliance, Training},
    year = {2024},
    url = {https://www.nis-2-directive.com/},
    urldate = {2025-07-21},
    organization = {NIS 2 Directive Official Resource}
}

@online{telefonica2024nis2,
    author = {{Telef√≥nica}},
    title = {{NIS2}: Strengthening Europe's digital resilience and reviewing its impact},
    year = {2024},
    url = {https://www.telefonica.com/en/communication-room/blog/nis2-strengthening-europes-digital-resilience-reviewing-impact/},
    urldate = {2025-07-21}
}

@online{bci2024nis2,
    author = {{Business Continuity Institute}},
    title = {Navigating {NIS2} Compliance: Is Your Organization Prepared?},
    year = {2024},
    url = {https://www.thebci.org/news/navigating-nis2-compliance-is-your-organization-prepared.html},
    urldate = {2025-07-21}
}

@online{hyperproof2024nis2,
    author = {{Hyperproof}},
    title = {Understanding the Relationship Between {NIS2} and the {EU} Cyber Resilience Act},
    year = {2024},
    url = {https://hyperproof.io/understanding-the-relationship-between-nis2-and-the-eu-cyber-resilience-act/},
    urldate = {2025-07-21}
}

@online{shoosmiths2024nis2,
    author = {{Shoosmiths}},
    title = {{NIS2} is here ‚Äì What telecommunications providers need to know about Europe's new cybersecurity regime},
    year = {2024},
    url = {https://www.shoosmiths.com/insights/articles/nis2-what-telecommunications-providers-need-know-about-europes-new-cybersecurity-regime},
    urldate = {2025-07-21}
}

@online{alvarezmarsal2024nis2,
    author = {{Alvarez \& Marsal}},
    title = {From Regulation to Resilience: How {NIS2} Impacts Strategy and Spend},
    year = {2024},
    url = {https://www.alvarezandmarsal.com/thought-leadership/from-regulation-to-resilience-how-nis2-impacts-strategy-and-spend},
    urldate = {2025-07-21}
}

% ===== DATI STATISTICI E REPORT GOVERNATIVI =====

@techreport{istat2025commercio,
    author = {{ISTAT}},
    title = {Commercio al dettaglio},
    institution = {Istituto Nazionale di Statistica},
    year = {2025},
    month = {2},
    type = {Comunicato Stampa},
    url = {https://www.istat.it/wp-content/uploads/2025/02/CS_Commercio_al_dettaglio_1224.pdf},
    urldate = {2025-07-21}
}

@online{provincia2024commercio,
    author = {{Provincia di Treviso}},
    title = {Istat: Commercio al dettaglio - maggio 2024},
    year = {2024},
    url = {https://urbanistica.provincia.treviso.it/index.php/notizie/item/1429-istat-commercio-al-dettaglio-maggio-2024},
    urldate = {2025-07-21}
}

@techreport{eurostat2025retail,
    author = {{Eurostat}},
    title = {Volume of retail trade down by 0.2\% in the euro area and by 0.3\% in the {EU}},
    institution = {European Commission},
    year = {2025},
    month = {2},
    type = {Euro indicators},
    url = {https://ec.europa.eu/eurostat/web/products-euro-indicators/w/4-06022025-ap},
    urldate = {2025-07-21}
}

@techreport{eurostat2025retailup,
    author = {{Eurostat}},
    title = {Volume of retail trade up by 0.1\% in the euro area and by 0.2\% in the {EU}},
    institution = {European Commission},
    year = {2025},
    month = {1},
    type = {Euro indicators},
    url = {https://ec.europa.eu/eurostat/web/products-euro-indicators/w/4-09012025-ap},
    urldate = {2025-07-21}
}

@techreport{eurostat2025retaildown,
    author = {{Eurostat}},
    title = {Volume of retail trade down by 0.3\% in the euro area and by 0.2\% in the {EU}},
    institution = {European Commission},
    year = {2025},
    month = {3},
    type = {Euro indicators},
    url = {https://ec.europa.eu/eurostat/web/products-euro-indicators/w/4-06032025-ap},
    urldate = {2025-07-21}
}

@online{confcommercio2024dati,
    author = {{Confcommercio}},
    title = {I dati Istat sulle vendite al dettaglio di novembre 2024},
    year = {2024},
    url = {https://www.confcommercio.it/-/vendite-dicembre},
    urldate = {2025-07-21}
}

@article{sankaranarayanan2013datacenter,
    author = {Sankaranarayanan, S. and Sivathanu, G. and Urgaonkar, B. and Sivasubramaniam, A.},
    title = {Datacenter Scale Evaluation of the Impact of Temperature on Hard Disk Drive Failures},
    journal = {ACM Transactions on Storage},
    volume = {9},
    number = {2},
    articleno = {6},
    year = {2013},
    month = {7},
    publisher = {ACM},
    doi = {10.1145/2491472.2491475}
}

% ===== RICERCHE DI MERCATO E ANALISI =====

@techreport{bcg2024spending,
    author = {{Boston Consulting Group}},
    title = {{IT} Spending Pulse: As {GenAI} Investment Grows, Other {IT} Projects Get Squeezed},
    institution = {BCG},
    year = {2024},
    url = {https://www.bcg.com/publications/2024/it-spending-pulse-as-genai-investment-grows-other-it-projects-get-squeezed},
    urldate = {2025-07-21}
}

@techreport{bcg2025spending,
    author = {{Boston Consulting Group}},
    title = {{IT} Spending Pulse: {AI} Agents and {GenAI} Reshape Priorities},
    institution = {BCG},
    year = {2025},
    url = {https://www.bcg.com/publications/2025/ai-shifts-it-budgets-to-growth-investments},
    urldate = {2025-07-21}
}

@online{splunk2025spending,
    author = {{Splunk}},
    title = {{IT} and Technology Spending \& Budgets for 2025: Trends \& Forecasts},
    year = {2025},
    url = {https://www.splunk.com/en_us/blog/learn/it-tech-spending.html},
    urldate = {2025-07-21}
}

@techreport{businessresearch2024retail,
    author = {{Business Research Insights}},
    title = {{IT} Spending in Retail Market Size Report | Global Forecast, 2033},
    institution = {Business Research Insights},
    year = {2024},
    url = {https://www.businessresearchinsights.com/market-reports/it-spending-in-retail-market-118242},
    urldate = {2025-07-21}
}

@online{openpr2024europe,
    title = {Europe {IT} Spending Market Size, Share, Trends \& Forecast 2034},
    year = {2024},
    url = {https://www.openpr.com/news/4103261/europe-it-spending-market-size-share-trends-forecast-2034},
    urldate = {2025-07-21},
    organization = {openPR}
}

@online{bcg2024retailtech,
    author = {{Boston Consulting Group}},
    title = {Retail \& Fashion, Digital and Technology Benchmark},
    year = {2024},
    url = {https://retailtech.bcg.com/},
    urldate = {2025-07-21}
}

% ===== SICUREZZA E THREAT INTELLIGENCE =====

@online{cyberint2024retail,
    author = {{Cyberint}},
    title = {Retail Threat Landscape 2024},
    year = {2024},
    url = {https://cyberint.com/blog/other/retail-threat-landscape-2024/},
    urldate = {2025-07-21},
    type = {Blog}
}

@online{purecyber2025retail,
    author = {{Pure Cyber}},
    title = {War on Retail: How Targeted Cyber Threats Are Shaping The {UK} Retail Landscape in 2025},
    year = {2025},
    url = {https://purecyber.com/news-1/targeted-cyber-threats-in-the-uk-retail-sector-2025},
    urldate = {2025-07-21}
}

@article{insurancejournal2025ms,
    author = {{Insurance Journal}},
    title = {Marks \& Spencer Says Cyberattack to Cost ¬£300 Million},
    journal = {Insurance Journal},
    year = {2025},
    month = {5},
    day = {21},
    url = {https://www.insurancejournal.com/news/international/2025/05/21/824570.htm},
    urldate = {2025-07-21}
}

@online{ainvest2025ms,
    author = {{AInvest}},
    title = {Marks \& Spencer's Cyberattack Aftermath: Can Resilience Outweigh the Profit Blow?},
    year = {2025},
    url = {https://www.ainvest.com/news/marks-spencer-cyberattack-aftermath-resilience-outweigh-profit-blow-2506/},
    urldate = {2025-07-21}
}

@online{reinsurance2025ms,
    author = {{Reinsurance News}},
    title = {M\&S estimates ¬£300m hit to operating profit from recent cyberattack},
    year = {2025},
    url = {https://www.reinsurancene.ws/ms-estimates-300m-hit-to-operating-profit-from-recent-cyberattack/},
    urldate = {2025-07-21}
}

@online{course2career2025ms,
    author = {{Course 2 Career}},
    title = {The M\&S Cyberattack: A Wake-Up Call for Cybersecurity Preparedness},
    year = {2025},
    url = {https://www.course2career.com/blog/ms-cyberattack-lessons-2025},
    urldate = {2025-07-21}
}

@article{cybersecuritydive2025ms,
    author = {{Cybersecurity Dive}},
    title = {M\&S warns April cyberattack will cut \$400 million from profits},
    journal = {Cybersecurity Dive},
    year = {2025},
    url = {https://www.cybersecuritydive.com/news/ms-cyberattack-400-million/748710/},
    urldate = {2025-07-21}
}

@online{dailysecurity2025ms,
    author = {{Daily Security Review}},
    title = {Marks \& Spencer Projects \$402 Million Profit Loss After Cyberattack Disrupts Operations},
    year = {2025},
    url = {https://dailysecurityreview.com/security-spotlight/marks-spencer-projects-402-million-profit-loss-after-cyberattack-disrupts-operations/},
    urldate = {2025-07-21}
}

% ===== LIBRI E MONOGRAFIE =====

@book{erl2013cloud,
    author = {Erl, T. and Puttini, R. and Mahmood, Z.},
    title = {Cloud Computing: Concepts, Technology \& Architecture},
    publisher = {Prentice Hall},
    year = {2013},
    address = {Upper Saddle River, NJ},
    isbn = {978-0133387520}
}

@techreport{beyer2012big,
    author = {Beyer, M. A. and Laney, D.},
    title = {The Importance of 'Big Data': A Definition},
    institution = {Gartner Research},
    year = {2012},
    month = {6},
    number = {G00235055}
}

@manual{nist2018framework,
    title = {Framework for Improving Critical Infrastructure Cybersecurity},
    organization = {{National Institute of Standards and Technology}},
    year = {2018},
    month = {4},
    edition = {Version 1.1},
    type = {NIST Framework}
}

@book{kurose2021networking,
    author = {Kurose, J. F. and Ross, K. W.},
    title = {Computer Networking: A Top-Down Approach},
    publisher = {Pearson},
    year = {2021},
    edition = {8},
    address = {Boston, MA},
    isbn = {978-0135928615}
}

@book{tanenbaum2023operating,
    author = {Tanenbaum, A. S. and Bos, H.},
    title = {Modern Operating Systems},
    publisher = {Pearson},
    year = {2023},
    edition = {5},
    address = {Boston, MA},
    isbn = {978-0137618880}
}

@book{stallings2022cryptography,
    author = {Stallings, W.},
    title = {Cryptography and Network Security: Principles and Practice},
    publisher = {Pearson},
    year = {2022},
    edition = {8},
    address = {Boston, MA},
    isbn = {978-0135764053}
}

@manual{iso27001-2022,
    title = {Information technology ‚Äî Security techniques ‚Äî Information security management systems ‚Äî Requirements},
    organization = {{ISO/IEC}},
    year = {2022},
    month = {10},
    type = {International Standard},
    number = {ISO/IEC 27001:2022}
}

@book{anderson2020security,
    author = {Anderson, R.},
    title = {Security Engineering: A Guide to Building Dependable Distributed Systems},
    publisher = {Wiley},
    year = {2020},
    edition = {3},
    address = {Indianapolis, IN},
    isbn = {978-1119642787}
}

@book{bishop2018computer,
    author = {Bishop, M.},
    title = {Computer Security: Art and Science},
    publisher = {Addison-Wesley},
    year = {2018},
    edition = {2},
    address = {Boston, MA},
    isbn = {978-0321712332}
}

% ===== FONTI WEB AGGIUNTIVE =====

@online{portnox2025ztna,
    author = {{Portnox}},
    title = {The Hidden Cost of Traditional {ZTNA}: Latency},
    year = {2025},
    month = {7},
    day = {21},
    url = {https://www.portnox.com/blog/security-trends/the-hidden-cost-of-traditional-ztna-latency/},
    urldate = {2025-07-21}
}

@online{akamai2025zero,
    author = {{Akamai}},
    title = {Zero Trust Network Access Without the Performance Penalty},
    year = {2025},
    month = {7},
    day = {21},
    url = {https://www.akamai.com/blog/security/zero-trust-network-access-without-performance-penalty},
    urldate = {2025-07-21}
}

@techreport{miercom2024sase,
    author = {{Miercom}},
    title = {Cisco {SD-WAN} with Secure Access Service Edge ({SASE}) Competitive Independent Solution Assessment},
    institution = {Miercom},
    year = {2024},
    month = {10},
    url = {https://miercom.com/wp-content/uploads/2024/10/Miercom-Report-Cisco-SASE-Competitive-SD-WAN-DR210419C-.pdf},
    urldate = {2025-07-21}
}

@misc{gartner2022cloud,
    author = {{Gartner}},
    title = {Gartner Forecasts Worldwide Public Cloud End-User Spending to Reach Nearly \$600 Billion in 2023},
    year = {2022},
    month = {10},
    howpublished = {Press Release}
}

@techreport{idc2023retail,
    author = {{IDC}},
    title = {Worldwide Retail {IT} Spending Guide},
    institution = {IDC},
    year = {2023},
    month = {12},
    type = {Market Analysis}
}

@techreport{forrester2023zero,
    author = {{Forrester Research}},
    title = {The Total Economic Impact‚Ñ¢ Of Zero Trust Security Solutions},
    institution = {Forrester},
    year = {2023},
    type = {Commissioned Study}
}

@techreport{enisa2024retail,
    author = {{European Union Agency for Cybersecurity (ENISA)}},
    title = {Threat Landscape for the Retail Sector},
    institution = {ENISA},
    year = {2024},
    month = {11},
    type = {Report}
}

@techreport{ponemon2024breach,
    author = {{Ponemon Institute}},
    title = {Cost of a Data Breach Report 2024},
    institution = {IBM Security},
    year = {2024},
    month = {7}
}

@techreport{sans2024cloud,
    author = {{SANS Institute}},
    title = {2024 State of Cloud Security in Retail},
    institution = {SANS},
    year = {2024},
    type = {Survey Report}
}

@techreport{mckinsey2024retail,
    author = {{McKinsey \& Company}},
    title = {The next normal in retail: Charting a path forward},
    institution = {McKinsey},
    year = {2024},
    type = {Report}
}