@book{test2024,
  author = {Autore, Test},
  title = {Libro di Test},
  year = {2024},
  publisher = {Editore}
}