@techreport{istat2024,
  author = {{ISTAT}},
  title = {Struttura e competitivit√† del sistema delle imprese - Commercio},
  institution = {Istituto Nazionale di Statistica},
  year = {2024},
  location = {Roma},
  type = {Report statistico},
  language = {italian}
}

@techreport{capgemini2024,
  author = {{Capgemini Research Institute}},
  title = {Peak Performance: Managing Seasonal Loads in Retail IT},
  institution = {Capgemini},
  year = {2024},
  location = {Paris},
  type = {Research Report},
  language = {english}
}

@techreport{idc2024,
  author = {{IDC}},
  title = {European Retail IT Transformation Benchmark 2024},
  institution = {International Data Corporation},
  year = {2024},
  number = {EUR148923},
  location = {Framingham},
  type = {Market Analysis Report},
  language = {english}
}

@techreport{enisa2024,
  author = {{ENISA}},
  title = {Threat Landscape for Retail and Supply Chain 2024},
  institution = {European Union Agency for Cybersecurity},
  year = {2024},
  location = {Heraklion},
  type = {Security Report},
  language = {english}
}

@techreport{forrester2024,
  author = {{Forrester Research}},
  title = {The Total Economic Impact of Hybrid Cloud in Retail},
  institution = {Forrester Consulting},
  year = {2024},
  location = {Cambridge},
  type = {TEI Study},
  language = {english}
}

@techreport{ponemon2024,
  author = {{Ponemon Institute}},
  title = {Cost of a Data Breach Report 2024: Retail Sector Analysis},
  institution = {Ponemon Institute LLC},
  year = {2024},
  location = {Traverse City},
  type = {Research Report},
  language = {english}
}

@misc{mckinsey2023,
  author = {{McKinsey \& Company}},
  title = {Why do most transformations fail? A conversation with Harry Robinson},
  publisher = {McKinsey Global Institute},
  year = {2023},
  note = {McKinsey Insights},
  language = {english}
}
@techreport{ponemon2024compliance,
  author = {{Ponemon Institute}},
  title = {Cost of Compliance Report 2024: Retail Sector Analysis},
  institution = {Ponemon Institute LLC},
  year = {2024},
  location = {Traverse City},
  type = {Research Report},
  language = {english}
}
@techreport{Osservatorio2024,
  author = {{Politecnico di Milano}},
  title = {Il digitale nel Retail italiano: infrastrutture e trasformazione},
  institution = {Politecnico di Milano},
  year = {2024},
  location = {Milano},
  type = {Research Report},
  language = {italiano}
}
