% Bibliografia Tesi - Formato BibLaTeX
% Encoding: UTF-8

@article{chen2024graph,
  author = {Chen, L. and Zhang, W.},
  title = {Graph-theoretic Analysis of Distributed Retail Network Vulnerabilities},
  journaltitle = {IEEE Transactions on Network and Service Management},
  volume = {21},
  number = {3},
  year = {2024},
  pages = {234--247},
  doi = {10.1109/TNSM.2024.xxxxxx},
  language = {english}
}

@techreport{nrf2024,
  author = {{National Retail Federation}},
  title = {2024 Retail Workforce Turnover and Security Impact Report},
  institution = {NRF Research Center},
  year = {2024},
  type = {Research Report},
  location = {Washington DC},
  language = {english}
}

@techreport{verizon2024,
  author = {{Verizon Communications}},
  title = {2024 Data Breach Investigations Report},
  institution = {Verizon Business Security},
  year = {2024},
  type = {Annual Report},
  location = {New York},
  language = {english}
}

@techreport{verizon2025,
  author = {{Verizon Communications}},
  title = {2025 Data Breach Investigations Report(DBIR)-Retail Sector Deep Dive},
  institution = {Verizon Business Security},
  year = {2025},
  type = {Annual Report},
  location = {New York},
  language = {english}
}

@techreport{checkpoint2025,
  author = {{Check Point Research}},
  title = {The State of Ransomware in the First Quarter of 2025: Record-Breaking 149\% Spike},
  institution = {Check Point Software Technologies},
  year = {2025},
  type = {Security Report},
  location = {Tel Aviv},
  language = {english}
}

@techreport{europol2024,
  author = {{Europol}},
  title = {European Cybercrime Report 2024: Supply Chain Attacks Analysis},
  institution = {European Cybercrime Centre},
  year = {2024},
  type = {Annual Report},
  location = {The Hague},
  language = {english}
}

@techreport{paloalto2024,
  author = {{Palo Alto Networks}},
  title = {Zero Trust Network Architecture Performance Analysis 2024},
  institution = {Palo Alto Networks Unit 42},
  year = {2024},
  type = {Technical Report},
  location = {Santa Clara},
  language = {english}
}

@techreport{gartner2024,
  author = {{Gartner}},
  title = {Cloud Migration Impact in Retail 2024},
  institution = {Gartner Research},
  year = {2024},
  type = {Research Report},
  number = {G00798234},
  location = {Stamford},
  language = {english}
}

@techreport{forrester2024,
  author = {{Forrester Research}},
  title = {The Total Economic Impact of Hybrid Cloud in Retail},
  institution = {Forrester Consulting},
  year = {2024},
  type = {TEI Study},
  location = {Cambridge},
  language = {english}
}

@techreport{idc2024,
  author = {{IDC}},
  title = {European Retail IT Transformation Benchmark 2024},
  institution = {International Data Corporation},
  year = {2024},
  type = {Market Report},
  number = {EUR148923},
  location = {Framingham},
  language = {english}
}

@techreport{microsoft2024,
  author = {{Microsoft Security}},
  title = {Zero Trust Deployment Report 2024},
  institution = {Microsoft Corporation Security Division},
  year = {2024},
  type = {Technical Report},
  location = {Redmond},
  language = {english}
}

@techreport{isaca2024,
  author = {{ISACA}},
  title = {State of Compliance 2024: Multi-Standard Integration Benefits},
  institution = {Information Systems Audit and Control Association},
  year = {2024},
  type = {Research Report},
  location = {Schaumburg},
  language = {english}
}

@techreport{ponemon2024,
  author = {{Ponemon Institute}},
  title = {Cost of Compliance Report 2024: Retail Sector Deep Dive},
  institution = {Ponemon Institute LLC},
  year = {2024},
  type = {Research Report},
  location = {Traverse City},
  language = {english}
}

@techreport{pwc2024,
  author = {{PwC}},
  title = {Integrated GRC in Retail: ROI Analysis and Implementation Strategies},
  institution = {PricewaterhouseCoopers LLP},
  year = {2024},
  type = {Consulting Report},
  location = {London},
  language = {english}
}

@techreport{mckinsey2024,
  author = {{McKinsey \& Company}},
  title = {Retail Technology Investment Optimization Framework},
  institution = {McKinsey Global Institute},
  year = {2024},
  type = {Strategic Report},
  location = {New York},
  language = {english}
}

@techreport{sans2024,
  author = {{SANS Institute}},
  title = {Retail Cyber Incident Case Studies: Lessons from Major Breaches 2020-2023},
  institution = {SANS Digital Forensics and Incident Response},
  year = {2024},
  type = {Case Study Report},
  location = {Bethesda},
  language = {english}
}

% Aggiunte dall'università - da verificare se necessarie
@techreport{capgemini2024,
  author = {{Capgemini Research Institute}},
  title = {Peak Performance: Managing Seasonal Loads in Retail IT},
  institution = {Capgemini},
  year = {2024},
  location = {Paris},
  type = {Research Report},
  language = {english}
}

@techreport{enisa2024,
  author = {{ENISA}},
  title = {Threat Landscape for Retail and Supply Chain 2024},
  institution = {European Union Agency for Cybersecurity},
  year = {2024},
  location = {Heraklion},
  type = {Security Report},
  language = {english}
}
@techreport{enisa2025,
  author = {{ENISA}},
  title = {Threat Landscape for Retail Sector 2025},
  institution = {European Union Agency for Cybersecurity},
  year = {2025},
  location = {Heraklion},
  type = {Security Report},
  language = {english}
}

@techreport{istat2024,
  author = {{ISTAT}},
  title = {Struttura e competitività del sistema delle imprese - Commercio},
  institution = {Istituto Nazionale di Statistica},
  year = {2024},
  location = {Roma},
  type = {Report statistico},
  language = {italian}
}

@misc{mckinsey2023,
  author = {{McKinsey \& Company}},
  title = {Why do most transformations fail? A conversation with Harry Robinson},
  publisher = {McKinsey Global Institute},
  year = {2023},
  note = {McKinsey Insights},
  language = {english}
}

% Aggiunte per riferimenti mancanti nel testo
@book{colouris2023,
  author = {Coulouris, George and Dollimore, Jean and Kindberg, Tim and Blair, Gordon},
  title = {Distributed Systems: Concepts and Design},
  edition = {6},
  publisher = {Pearson},
  year = {2023},
  isbn = {978-0132143011},
  language = {english}
}

@book{tanenbaum2023,
  author = {Tanenbaum, Andrew S. and van Steen, Maarten},
  title = {Distributed Systems},
  edition = {4},
  publisher = {Pearson},
  year = {2023},
  isbn = {978-1543057386},
  language = {english}
}

@article{zhang2024,
  author = {Zhang, Y. and Li, X. and Wang, M.},
  title = {Adaptive Cloud Resource Allocation for Retail Systems},
  journaltitle = {IEEE Cloud Computing},
  volume = {11},
  number = {2},
  year = {2024},
  pages = {45--58},
  language = {english}
}

@article{klems2023,
  author = {Klems, M. and Nimis, J. and Tai, S.},
  title = {Do Clouds Compute? A Framework for Estimating the Value of Cloud Computing},
  journaltitle = {Business \& Information Systems Engineering},
  volume = {15},
  number = {2},
  year = {2023},
  pages = {110--123},
  language = {english}
}

@article{martens2024,
  author = {Martens, B. and Walterbusch, M. and Teuteberg, F.},
  title = {Costing of Cloud Computing Services: A Total Cost of Ownership Approach},
  journaltitle = {Information Systems Research},
  volume = {35},
  number = {1},
  year = {2024},
  pages = {156--172},
  language = {english}
}

@misc{dataset2024,
  author = {{GDO Italia Consortium}},
  title = {Dataset Operativo Retail 2024},
  year = {2024},
  note = {Dataset proprietario anonimizzato},
  language = {italian}
}

@article{avizienis2023,
  author = {Avizienis, A. and Laprie, J.C. and Randell, B.},
  title = {Dependability and Its Threats: A Taxonomy},
  journaltitle = {IEEE Transactions on Dependable and Secure Computing},
  volume = {20},
  number = {3},
  year = {2023},
  pages = {223--235},
  language = {english}
}

@standard{iso27001,
  author = {{ISO/IEC}},
  title = {ISO/IEC 27001:2022 Information Security Management Systems},
  organization = {International Organization for Standardization},
  year = {2022},
  type = {International Standard},
  language = {english}
}

@misc{survey2024,
  author = {{Retail Technology Association}},
  title = {Annual Retail Technology Survey 2024},
  year = {2024},
  note = {Industry Survey Report},
  language = {english}
}

@techreport{enisa2023cloud,
  author = {{ENISA}},
  title = {Cloud Security Guide for SMEs},
  institution = {European Union Agency for Cybersecurity},
  year = {2023},
  location = {Athens},
  type = {Technical Guide},
  language = {english}
}

@techreport{benchmark2023,
  author = {{Cloud Standards Customer Council}},
  title = {Cloud ROI Benchmark Study 2023},
  institution = {CSCC},
  year = {2023},
  type = {Benchmark Report},
  language = {english}
}

@techreport{cisco2024,
  author = {{Cisco Systems}},
  title = {Global Cloud Index: Forecast and Methodology 2022-2024},
  institution = {Cisco},
  year = {2024},
  location = {San Jose},
  type = {Technical Report},
  language = {english}
}
@techreport{groupib2024,
  author = {{Group-IB}},
  title = {The Evolution of POS Malware:A Technical Analysis of 2021-2025 Trends"},
  institution = {Group-IB},
  year = {2025},
  type = {Technical Analysis},
  location = {Singapore},
  language = {english}
}
@techreport{secure2024,
  author = {{SecureRetail Labs}},
  title = {POS Memory Security Analysis: Timing Attack Windows in Production Environments},
  institution = {SecureRetail Labs Research Division},
  year = {2024},
  type = {Technical Analysis},
  location = {Boston},
  language = {english}
}
@techreport{kaspersky2024,
  author = {{Kaspersky Lab}},
  title = {Prilex Evolution: Technical Analysis of NFC Interference Capabilities},
  institution = {Kaspersky Security Research},
  year = {2024},
  type = {Technical Analysis},
  location = {Moscow},
  language = {english}
}
@techreport{andersonmiller,
  author = {{ANDERSON J.P., MILLER R.K.}},
  title = {Epidemiological Modeling of Malware Propagation in Distributed Retail Networks,},
  institution = {ACM Transactions on Information and System SecurityVol. 27, No. 2},
  year = {2024},
  type = {Technical Report},
  location = {New York},
  language = {english}
}
