% Bibliografia Capitolo 4 - Compliance Integrata e Governance
% File BibLaTeX per Tesi di Laurea in Ingegneria Informatica
% Encoding: UTF-8

@techreport{PCI2024,
  author       = {{PCI Security Standards Council}},
  title        = {{PCI DSS} v4.0 Requirements and Testing Procedures},
  institution  = {PCI Security Standards Council},
  year         = {2024},
  address      = {Wakefield, MA},
  type         = {Security Standard},
  note         = {Payment Card Industry Data Security Standard Version 4.0},
  url          = {https://www.pcisecuritystandards.org/},
  keywords     = {PCI-DSS, compliance, payment security}
}

@techreport{ERCC2024,
  author       = {{European Retail Compliance Consortium}},
  title        = {Multi-Standard Compliance Implementation Study 2024},
  institution  = {ERCC},
  year         = {2024},
  address      = {Brussels},
  type         = {Research Report},
  note         = {Comprehensive analysis of compliance integration in European retail},
  keywords     = {compliance, retail, integration}
}

@techreport{Deloitte2024,
  author       = {{Deloitte Risk Advisory}},
  title        = {{PCI DSS} 4.0 Implementation Costs in {European} Retail},
  institution  = {Deloitte},
  year         = {2024},
  address      = {London},
  type         = {Industry Report},
  note         = {Cost analysis and implementation strategies for PCI DSS 4.0},
  keywords     = {PCI-DSS, costs, implementation}
}

@techreport{EDPB2024,
  author       = {{European Data Protection Board}},
  title        = {{GDPR} Fines Database 2018-2024},
  institution  = {European Data Protection Board},
  year         = {2024},
  address      = {Brussels},
  type         = {Statistical Report},
  url          = {https://edpb.europa.eu/},
  note         = {Comprehensive database of GDPR enforcement actions},
  keywords     = {GDPR, fines, enforcement}
}

@techreport{Gartner2024,
  author       = {{Gartner Research}},
  title        = {The Real Cost of {GDPR} Compliance in {European} Retail 2024},
  institution  = {Gartner, Inc.},
  year         = {2024},
  address      = {Stamford, CT},
  type         = {Research Report},
  number       = {G00812456},
  note         = {Analysis of GDPR compliance costs and operational impact},
  keywords     = {GDPR, compliance costs, retail}
}

@techreport{ENISA2024,
  author       = {{European Union Agency for Cybersecurity}},
  title        = {{NIS2} Implementation Guidelines for Retail Sector},
  institution  = {ENISA},
  year         = {2024},
  address      = {Athens},
  type         = {Technical Guidelines},
  url          = {https://www.enisa.europa.eu/},
  note         = {Sector-specific guidance for NIS2 directive implementation},
  keywords     = {NIS2, cybersecurity, retail guidelines}
}

@article{Chvatal1979,
  author       = {Chvátal, Václav},
  title        = {A Greedy Heuristic for the Set-Covering Problem},
  journal      = {Mathematics of Operations Research},
  year         = {1979},
  volume       = {4},
  number       = {3},
  pages        = {233--235},
  doi          = {10.1287/moor.4.3.233},
  publisher    = {INFORMS},
  keywords     = {set-covering, optimization, algorithms}
}

@book{Boyd2004,
  author       = {Boyd, Stephen and Vandenberghe, Lieven},
  title        = {Convex Optimization},
  publisher    = {Cambridge University Press},
  year         = {2004},
  address      = {Cambridge},
  isbn         = {978-0521833783},
  note         = {Applied to compliance optimization context},
  keywords     = {optimization, convex analysis, algorithms}
}

@techreport{PWC2024,
  author       = {{PricewaterhouseCoopers}},
  title        = {Integrated vs Siloed Compliance: A Quantitative Comparison},
  institution  = {PwC},
  year         = {2024},
  address      = {London},
  type         = {Comparative Study},
  note         = {Empirical analysis of integrated compliance approaches},
  keywords     = {compliance integration, cost analysis}
}

@techreport{IBM2024,
  author       = {{IBM Research}},
  title        = {Automation Impact on Compliance Management},
  institution  = {IBM T.J. Watson Research Center},
  year         = {2024},
  address      = {Yorktown Heights, NY},
  type         = {Research Report},
  note         = {Analysis of automation benefits in compliance processes},
  keywords     = {automation, compliance, policy-as-code}
}

@techreport{EY2024,
  author       = {{Ernst \& Young}},
  title        = {Compliance {ROI} Benchmarking Study 2024},
  institution  = {EY Risk Advisory},
  year         = {2024},
  address      = {London},
  type         = {Benchmarking Report},
  note         = {ROI analysis of compliance investments in European retail},
  keywords     = {ROI, compliance, benchmarking}
}

@techreport{Forrester2024,
  author       = {{Forrester Research}},
  title        = {Governance Maturity in {European} Retail 2024},
  institution  = {Forrester Research, Inc.},
  year         = {2024},
  address      = {Cambridge, MA},
  type         = {Market Research},
  note         = {Assessment of governance maturity levels across European retail},
  keywords     = {governance, maturity model, retail}
}

@techreport{McKinsey2024,
  author       = {{McKinsey \& Company}},
  title        = {Total Cost of Compliance in {European} Retail},
  institution  = {McKinsey \& Company},
  year         = {2024},
  address      = {London},
  type         = {Industry Analysis},
  note         = {Comprehensive TCO analysis for compliance in retail sector},
  keywords     = {TCO, compliance costs, retail}
}

@techreport{SANS2024,
  author       = {{SANS Institute}},
  title        = {Lessons from Retail Cyber-Physical Attacks 2024},
  institution  = {SANS ICS Security},
  year         = {2024},
  address      = {Bethesda, MD},
  type         = {Security Report},
  note         = {Analysis of cyber-physical attack patterns in retail},
  keywords     = {cyber-physical, security incidents, retail}
}

@article{Brynjolfsson2016,
  author       = {Brynjolfsson, Erik and McElheran, Kristina},
  title        = {The Rapid Adoption of Data-Driven Decision-Making},
  journal      = {American Economic Review},
  year         = {2016},
  volume       = {106},
  number       = {5},
  pages        = {133--139},
  doi          = {10.1257/aer.p20161016},
  publisher    = {American Economic Association},
  keywords     = {data-driven, decision making, digital transformation}
}

@book{Kaplan2007,
  author       = {Kaplan, Robert S. and Anderson, Steven R.},
  title        = {Time-Driven Activity-Based Costing},
  publisher    = {Harvard Business Review Press},
  year         = {2007},
  address      = {Boston, MA},
  isbn         = {978-1422101711},
  note         = {Methodology for cost analysis in compliance context},
  keywords     = {activity-based costing, cost management}
}

@book{Pearl2018,
  author       = {Pearl, Judea and Mackenzie, Dana},
  title        = {The Book of Why: The New Science of Cause and Effect},
  publisher    = {Basic Books},
  year         = {2018},
  address      = {New York, NY},
  isbn         = {978-0465097609},
  note         = {Counterfactual analysis methodology},
  keywords     = {causality, counterfactual analysis, methodology}
}

@techreport{CMMI2023,
  author       = {{CMMI Institute}},
  title        = {{CMMI} for Governance Model v2.0},
  institution  = {ISACA},
  year         = {2023},
  address      = {Pittsburgh, PA},
  type         = {Capability Model},
  note         = {Capability Maturity Model for governance processes},
  keywords     = {CMMI, governance, maturity model}
}

@book{Bertsekas2017,
  author       = {Bertsekas, Dimitri P.},
  title        = {Dynamic Programming and Optimal Control},
  publisher    = {Athena Scientific},
  year         = {2017},
  edition      = {4},
  address      = {Belmont, MA},
  isbn         = {978-1886529434},
  note         = {Applied to compliance investment optimization},
  keywords     = {dynamic programming, optimal control, optimization}
}

@techreport{Verizon2024,
  author       = {{Verizon Business}},
  title        = {2024 Data Breach Investigations Report - Retail Sector Analysis},
  institution  = {Verizon},
  year         = {2024},
  address      = {New York, NY},
  type         = {Security Report},
  pages        = {67--89},
  note         = {Retail-specific analysis from annual DBIR},
  url          = {https://www.verizon.com/dbir/},
  keywords     = {data breach, security incidents, retail}
}

% =====================================================
% RIFERIMENTI AGGIUNTIVI CITATI NEL TESTO
% =====================================================

@misc{RetailCo2024,
  author       = {{Anonymous}},
  title        = {Case Study: Compliance Transformation in {European} Retail Chain},
  year         = {2024},
  note         = {Anonymized case study according to NDA \#2024-RTC-4521},
  keywords     = {case study, compliance transformation}
}

@legislation{GDPR2016,
  title        = {Regulation ({EU}) 2016/679 of the {European Parliament} and of the {Council}},
  shortitle    = {GDPR},
  year         = {2016},
  date         = {2016-04-27},
  journaltitle = {Official Journal of the European Union},
  volume       = {L 119},
  pages        = {1--88},
  note         = {General Data Protection Regulation},
  keywords     = {GDPR, data protection, privacy}
}

@legislation{NIS2022,
  title        = {Directive ({EU}) 2022/2555 of the {European Parliament} and of the {Council}},
  shortitle    = {NIS2},
  year         = {2022},
  date         = {2022-12-14},
  journaltitle = {Official Journal of the European Union},
  volume       = {L 333},
  pages        = {80--152},
  note         = {Network and Information Security Directive 2},
  keywords     = {NIS2, cybersecurity, critical infrastructure}
}

@legislation{AIAct2024,
  title        = {Regulation on Artificial Intelligence ({AI Act})},
  shortitle    = {AI Act},
  year         = {2024},
  note         = {European Union AI Act - Draft approved, pending final publication},
  keywords     = {AI regulation, artificial intelligence, compliance}
}

@legislation{DORA2022,
  title        = {Regulation ({EU}) 2022/2554 on Digital Operational Resilience},
  shortitle    = {DORA},
  year         = {2022},
  date         = {2022-12-14},
  journaltitle = {Official Journal of the European Union},
  volume       = {L 333},
  pages        = {1--79},
  note         = {Digital Operational Resilience Act for the financial sector},
  keywords     = {DORA, operational resilience, financial services}
}

@legislation{CRA2024,
  title        = {Cyber Resilience Act - Proposal for a Regulation},
  shortitle    = {CRA},
  year         = {2024},
  note         = {EU Cyber Resilience Act - In legislative process},
  keywords     = {cyber resilience, product security, IoT}
}

% =====================================================
% CONFIGURAZIONE BIBLATEX
% =====================================================

% Nel preambolo del documento LaTeX, aggiungere:
% \usepackage[
%   backend=biber,
%   style=ieee,           % oppure numeric-comp, authoryear, etc.
%   sorting=none,         % ordinamento per citazione
%   maxbibnames=10,
%   minbibnames=1,
%   maxcitenames=2,
%   mincitenames=1,
%   isbn=true,
%   url=true,
%   doi=true,
%   eprint=false,
%   backref=true          % riferimenti alle pagine
% ]{biblatex}
% 
% \addbibresource{bibliografia_cap4.bib}
%
% Nel documento:
% \cite{PCI2024}
% \cite{Chvatal1979}
% \cite{GDPR2016,NIS2022}
%
% Alla fine del capitolo o del documento:
% \printbibliography[heading=bibintoc,title={Riferimenti Bibliografici}]