% Bibliografia Capitolo 5 - Selezione Ottimizzata per biblatex
% 16 riferimenti essenziali per il capitolo di sintesi

@article{kumar2024compliance,
  author = {Kumar, Vijay and Martinez, Sofia and Anderson, Thomas},
  title = {Integrated Compliance Management: A Set-Covering Optimization Approach},
  journaltitle = {European Journal of Operational Research},
  volume = {312},
  number = {2},
  pages = {456--472},
  year = {2024},
  publisher = {Elsevier},
  doi = {10.1016/j.ejor.2024.01.028}
}

@techreport{mckinsey2024cloud,
  author = {{McKinsey \& Company}},
  title = {Cloud Economics in European Retail: A Quantitative Analysis},
  type = {Technical Report},
  institution = {McKinsey Global Institute},
  year = {2024},
  location = {London},
  month = {2}
}

@techreport{nist2020zerotrust,
  author = {{NIST}},
  title = {Zero Trust Architecture},
  type = {Special Publication},
  number = {800-207},
  institution = {National Institute of Standards and Technology},
  year = {2020},
  location = {Gaithersburg, MD},
  doi = {10.6028/NIST.SP.800-207}
}

@inproceedings{chen2023zerotrust,
  author = {Chen, Wei and Johnson, Marcus and Patel, Raj},
  title = {Zero Trust Architecture Implementation: Lessons from Large-Scale Deployments},
  booktitle = {Proceedings of the 2023 IEEE Symposium on Security and Privacy},
  pages = {1842--1859},
  year = {2023},
  organization = {IEEE},
  doi = {10.1109/SP46215.2023.10179356}
}

@techreport{forrester2024maturity,
  author = {{Forrester Research}},
  title = {Digital Maturity Assessment Framework for European Retail},
  type = {Industry Report},
  institution = {Forrester Research Inc.},
  year = {2024},
  location = {Cambridge, MA},
  month = {3}
}

@book{westerman2024leading,
  author = {Westerman, George and Bonnet, Didier and McAfee, Andrew},
  title = {Leading Digital: Turning Technology into Business Transformation},
  publisher = {MIT Press},
  year = {2024},
  edition = {3},
  location = {Cambridge, MA},
  isbn = {978-0-262-04847-2}
}

@techreport{gartner2024retail,
  author = {{Gartner Research}},
  title = {Digital Transformation in Retail: From Survival to Competitive Advantage},
  type = {Market Guide},
  institution = {Gartner Inc.},
  year = {2024},
  location = {Stamford, CT},
  month = {1},
  note = {ID: G00798562}
}

@article{williams2024aiml,
  author = {Williams, Robert and Miller, Susan and Jones, David},
  title = {AI/ML Applications in Retail Operations: Current State and Future Directions},
  journaltitle = {Journal of Retailing},
  volume = {100},
  number = {1},
  pages = {78--95},
  year = {2024},
  publisher = {Elsevier},
  doi = {10.1016/j.jretai.2024.01.003}
}

@book{porter2024competitive,
  author = {Porter, Michael E. and Heppelmann, James E.},
  title = {Competitive Advantage in the Digital Age: Strategy and Execution},
  publisher = {Harvard Business Review Press},
  year = {2024},
  edition = {2},
  location = {Boston, MA},
  isbn = {978-1-63369-982-4}
}

@article{smith2023synergies,
  author = {Smith, Jennifer and Brown, David and Wilson, Sarah},
  title = {Measuring Synergistic Effects in Digital Transformation Programs},
  journaltitle = {MIS Quarterly},
  volume = {47},
  number = {4},
  pages = {1523--1547},
  year = {2023},
  publisher = {Society for Information Management},
  doi = {10.25300/MISQ/2023/17825}
}

@article{anderson2024change,
  author = {Anderson, Patricia and Lee, Kevin and Morris, James},
  title = {Change Management in Digital Transformation: A Longitudinal Study},
  journaltitle = {Journal of Organizational Change Management},
  volume = {37},
  number = {2},
  pages = {178--196},
  year = {2024},
  publisher = {Emerald Publishing},
  doi = {10.1108/JOCM-09-2023-0374}
}

@techreport{idc2024infrastructure,
  author = {{IDC Research}},
  title = {Infrastructure Modernization in Retail: Investment Trends and ROI Analysis},
  type = {Market Analysis},
  institution = {International Data Corporation},
  year = {2024},
  location = {Framingham, MA},
  month = {1},
  note = {Doc \#US51789324}
}

@book{rogers2024transformation,
  author = {Rogers, David L.},
  title = {The Digital Transformation Roadmap: Rebuild Your Organization for Continuous Change},
  publisher = {Columbia Business School Publishing},
  year = {2024},
  location = {New York, NY},
  isbn = {978-0-231-19628-2}
}

@techreport{accenture2024future,
  author = {{Accenture Research}},
  title = {The Future of Retail: Technology Trends 2025-2030},
  type = {Strategic Report},
  institution = {Accenture plc},
  year = {2024},
  location = {Dublin},
  month = {3}
}

@inproceedings{martinez2024automation,
  author = {Martinez, Carlos and Johnson, Linda and White, Peter},
  title = {Automation Strategies in Retail IT: A Comparative Study},
  booktitle = {Proceedings of the 2024 International Conference on Information Systems},
  pages = {567--582},
  year = {2024},
  organization = {AIS},
  location = {Bangkok, Thailand}
}

@article{johnson2024leadership,
  author = {Johnson, Barbara and White, Michael and Green, Alexandra},
  title = {Digital Leadership in Retail: Competencies for the Next Decade},
  journaltitle = {Harvard Business Review},
  volume = {102},
  number = {3},
  pages = {112--121},
  year = {2024},
  publisher = {Harvard Business Publishing}
}