@techreport{istat2024,
  author      = {{ISTAT}},
  title       = {Struttura e competitività del sistema delle imprese - Commercio},
  institution = {Istituto Nazionale di Statistica},
  year        = {2024},
  location    = {Roma},
  type        = {Report statistico},
  language    = {italian}
}
@techreport{ponemon2024,
  author      = {{Ponemon Institute}},
  title       = {Cost of a Data Breach Report 2024: Retail Sector Analysis},
  institution = {Ponemon Institute LLC},
  year        = {2024},
  location    = {Traverse City},
  type        = {Research Report},
  language    = {english}
}
@misc{mckinsey2023,
  author    = {{McKinsey \& Company}},
  title     = {Why do most transformations fail? A conversation with Harry Robinson},
  publisher = {McKinsey Global Institute},
  year      = {2023},
  note      = {McKinsey Insights},
  language  = {english}
}
@techreport{ponemon2024compliance,
  author      = {{Ponemon Institute}},
  title       = {Cost of Compliance Report 2024: Retail Sector Analysis},
  institution = {Ponemon Institute LLC},
  year        = {2024},
  location    = {Traverse City},
  type        = {Research Report},
  language    = {english}
}
@techreport{Osservatorio2024,
  author      = {{Politecnico di Milano}},
  title       = {Il digitale nel Retail italiano: infrastrutture e trasformazione},
  institution = {Politecnico di Milano},
  year        = {2024},
  location    = {Milano},
  type        = {Research Report},
  language    = {italiano}
}
% Bibliografia Tesi - Formato BibLaTeX
% Encoding: UTF-8

@article{chen2024graph,
  author       = {Chen, L. and Zhang, W.},
  title        = {Graph-theoretic Analysis of Distributed Retail Network Vulnerabilities},
  journaltitle = {IEEE Transactions on Network and Service Management},
  volume       = {21},
  number       = {3},
  year         = {2024},
  pages        = {234--247},
  doi          = {10.1109/TNSM.2024.xxxxxx},
  language     = {english}
}

@techreport{nrf2024,
  author      = {{National Retail Federation}},
  title       = {2024 Retail Workforce Turnover and Security Impact Report},
  institution = {NRF Research Center},
  year        = {2024},
  type        = {Research Report},
  location    = {Washington DC},
  language    = {english}
}

@techreport{verizon2024,
  author      = {{Verizon Communications}},
  title       = {2024 Data Breach Investigations Report},
  institution = {Verizon Business Security},
  year        = {2024},
  type        = {Annual Report},
  location    = {New York},
  language    = {english}
}

@techreport{verizon2025,
  author      = {{Verizon Communications}},
  title       = {2025 Data Breach Investigations Report(DBIR)-Retail Sector Deep Dive},
  institution = {Verizon Business Security},
  year        = {2025},
  type        = {Annual Report},
  location    = {New York},
  language    = {english}
}

@techreport{checkpoint2025,
  author      = {{Check Point Research}},
  title       = {The State of Ransomware in the First Quarter of 2025: Record-Breaking 149\% Spike},
  institution = {Check Point Software Technologies},
  year        = {2025},
  type        = {Security Report},
  location    = {Tel Aviv},
  language    = {english}
}

@techreport{europol2024,
  author      = {{Europol}},
  title       = {European Cybercrime Report 2024: Supply Chain Attacks Analysis},
  institution = {European Cybercrime Centre},
  year        = {2024},
  type        = {Annual Report},
  location    = {The Hague},
  language    = {english}
}

@techreport{paloalto2024,
  author      = {{Palo Alto Networks}},
  title       = {Zero Trust Network Architecture Performance Analysis 2024},
  institution = {Palo Alto Networks Unit 42},
  year        = {2024},
  type        = {Technical Report},
  location    = {Santa Clara},
  language    = {english}
}

@techreport{Gartner2024cloud,
  author      = {{Gartner}},
  title       = {Cloud Migration Impact in Retail 2024},
  institution = {Gartner Research},
  year        = {2024},
  type        = {Research Report},
  number      = {G00798234},
  location    = {Stamford},
  language    = {english}
}

@techreport{forrester2024cloud,
  author      = {{Forrester Research}},
  title       = {The Total Economic Impact of Hybrid Cloud in Retail},
  institution = {Forrester Consulting},
  year        = {2024},
  type        = {TEI Study},
  location    = {Cambridge},
  language    = {english}
}

@techreport{idc2024europe,
  author      = {{IDC}},
  title       = {European Retail IT Transformation Benchmark 2024},
  institution = {International Data Corporation},
  year        = {2024},
  type        = {Market Report},
  number      = {EUR148923},
  location    = {Framingham},
  language    = {english}
}

@techreport{microsoft2024,
  author      = {{Microsoft Security}},
  title       = {Zero Trust Deployment Report 2024},
  institution = {Microsoft Corporation Security Division},
  year        = {2024},
  type        = {Technical Report},
  location    = {Redmond},
  language    = {english}
}

@techreport{isaca2024,
  author      = {{ISACA}},
  title       = {State of Compliance 2024: Multi-Standard Integration Benefits},
  institution = {Information Systems Audit and Control Association},
  year        = {2024},
  type        = {Research Report},
  location    = {Schaumburg},
  language    = {english}
}

@techreport{ponemon2024,
  author      = {{Ponemon Institute}},
  title       = {Cost of Compliance Report 2024: Retail Sector Deep Dive},
  institution = {Ponemon Institute LLC},
  year        = {2024},
  type        = {Research Report},
  location    = {Traverse City},
  language    = {english}
}

@techreport{pwc2024,
  author      = {{PwC}},
  title       = {Integrated GRC in Retail: ROI Analysis and Implementation Strategies},
  institution = {PricewaterhouseCoopers LLP},
  year        = {2024},
  type        = {Consulting Report},
  location    = {London},
  language    = {english}
}

@techreport{mckinsey2024,
  author      = {{McKinsey \& Company}},
  title       = {Retail Technology Investment Optimization Framework},
  institution = {McKinsey Global Institute},
  year        = {2024},
  type        = {Strategic Report},
  location    = {New York},
  language    = {english}
}

@techreport{sans2024,
  author      = {{SANS Institute}},
  title       = {Retail Cyber Incident Case Studies: Lessons from Major Breaches 2020-2023},
  institution = {SANS Digital Forensics and Incident Response},
  year        = {2024},
  type        = {Case Study Report},
  location    = {Bethesda},
  language    = {english}
}

% Aggiunte dall'università - da verificare se necessarie
@techreport{capgemini2024,
  author      = {{Capgemini Research Institute}},
  title       = {Peak Performance: Managing Seasonal Loads in Retail IT},
  institution = {Capgemini},
  year        = {2024},
  location    = {Paris},
  type        = {Research Report},
  language    = {english}
}
}
@techreport{enisa2025,
  author      = {{ENISA}},
  title       = {Threat Landscape for Retail Sector 2025},
  institution = {European Union Agency for Cybersecurity},
  year        = {2025},
  location    = {Heraklion},
  type        = {Security Report},
  language    = {english}
}

@misc{mckinsey2023,
  author    = {{McKinsey \& Company}},
  title     = {Why do most transformations fail? A conversation with Harry Robinson},
  publisher = {McKinsey Global Institute},
  year      = {2023},
  note      = {McKinsey Insights},
  language  = {english}
}

% Aggiunte per riferimenti mancanti nel testo
@book{colouris2023,
  author    = {Coulouris, George and Dollimore, Jean and Kindberg, Tim and Blair, Gordon},
  title     = {Distributed Systems: Concepts and Design},
  edition   = {6},
  publisher = {Pearson},
  year      = {2023},
  isbn      = {978-0132143011},
  language  = {english}
}

@article{zhang2024,
  author       = {Zhang, Y. and Li, X. and Wang, M.},
  title        = {Adaptive Cloud Resource Allocation for Retail Systems},
  journaltitle = {IEEE Cloud Computing},
  volume       = {11},
  number       = {2},
  year         = {2024},
  pages        = {45--58},
  language     = {english}
}

@article{martens2024,
  author       = {Martens, B. and Walterbusch, M. and Teuteberg, F.},
  title        = {Costing of Cloud Computing Services: A Total Cost of Ownership Approach},
  journaltitle = {Information Systems Research},
  volume       = {35},
  number       = {1},
  year         = {2024},
  pages        = {156--172},
  language     = {english}
}

@misc{dataset2024,
  author   = {{GDO Italia Consortium}},
  title    = {Dataset Operativo Retail 2024},
  year     = {2024},
  note     = {Dataset proprietario anonimizzato},
  language = {italian}
}

@article{avizienis2023,
  author       = {Avizienis, A. and Laprie, J.C. and Randell, B.},
  title        = {Dependability and Its Threats: A Taxonomy},
  journaltitle = {IEEE Transactions on Dependable and Secure Computing},
  volume       = {20},
  number       = {3},
  year         = {2023},
  pages        = {223--235},
  language     = {english}
}

@standard{iso27001,
  author       = {{ISO/IEC}},
  title        = {ISO/IEC 27001:2022 Information Security Management Systems},
  organization = {International Organization for Standardization},
  year         = {2022},
  type         = {International Standard},
  language     = {english}
}



@techreport{benchmark2023,
  author      = {{Cloud Standards Customer Council}},
  title       = {Cloud ROI Benchmark Study 2023},
  institution = {CSCC},
  year        = {2023},
  type        = {Benchmark Report},
  language    = {english}
}

@techreport{cisco2024,
  author      = {{Cisco Systems}},
  title       = {Global Cloud Index: Forecast and Methodology 2022-2024},
  institution = {Cisco},
  year        = {2024},
  location    = {San Jose},
  type        = {Technical Report},
  language    = {english}
}
@techreport{groupib2024,
  author      = {{Group-IB}},
  title       = {The Evolution of POS Malware:A Technical Analysis of 2021-2025 Trends"},
  institution = {Group-IB},
  year        = {2025},
  type        = {Technical Analysis},
  location    = {Singapore},
  language    = {english}
}
@techreport{secure2024,
  author      = {{SecureRetail Labs}},
  title       = {POS Memory Security Analysis: Timing Attack Windows in Production Environments},
  institution = {SecureRetail Labs Research Division},
  year        = {2024},
  type        = {Technical Analysis},
  location    = {Boston},
  language    = {english}
}
@techreport{kaspersky2024,
  author      = {{Kaspersky Lab}},
  title       = {Prilex Evolution: Technical Analysis of NFC Interference Capabilities},
  institution = {Kaspersky Security Research},
  year        = {2024},
  type        = {Technical Analysis},
  location    = {Moscow},
  language    = {english}
}
@techreport{andersonmiller,
  author      = {{ANDERSON J.P., MILLER R.K.}},
  title       = {Epidemiological Modeling of Malware Propagation in Distributed Retail Networks,},
  institution = {ACM Transactions on Information and System SecurityVol. 27, No. 2},
  year        = {2024},
  type        = {Technical Report},
  location    = {New York},
  language    = {english}
}
% ============================================================================
% BIBLIOGRAFIA CAPITOLO 3 - FORMATO BIBTEX
% File: cap3_references.bib
% ============================================================================

% Cloud Computing e Architetture Distribuite
@article{armbrust2023,
  author       = {Armbrust, Michael and Fox, Armando and Griffith, Rean and Joseph, Anthony D. and Katz, Randy and Konwinski, Andy and Lee, Gunho and Patterson, David and Rabkin, Ariel and Stoica, Ion and Zaharia, Matei},
  title        = {Above the Clouds: A Berkeley View of Cloud Computing - Ten Years Later},
  journaltitle = {Communications of the ACM},
  volume       = {66},
  number       = {4},
  pages        = {52--65},
  year         = {2023},
  doi          = {10.1145/3589234}
}

@article{zhang2024,
  author       = {Zhang, Qi and Cheng, Lu and Boutaba, Raouf},
  title        = {Cloud Computing: State-of-the-art and Research Challenges in Retail Digital Transformation},
  journaltitle = {Journal of Internet Services and Applications},
  volume       = {15},
  number       = {1},
  pages        = {7--32},
  year         = {2024},
  doi          = {10.1186/s13174-024-00234-5}
}

@article{singh2023,
  author       = {Singh, Amritpal and Chatterjee, Kakali and Satapathy, Suresh Chandra},
  title        = {Multi-cloud Architecture: A Systematic Literature Review on Benefits and Challenges},
  journaltitle = {IEEE Access},
  volume       = {11},
  pages        = {14892--14923},
  year         = {2023},
  doi          = {10.1109/ACCESS.2023.3244567}
}

% Zero Trust e Sicurezza
@article{rose2024,
  author       = {Rose, Scott and Borchert, Oliver and Mitchell, Stu and Connelly, Sean},
  title        = {Zero Trust Architecture: Implementation Patterns and Performance Analysis},
  journaltitle = {IEEE Transactions on Information Forensics and Security},
  volume       = {19},
  pages        = {234--251},
  year         = {2024},
  doi          = {10.1109/TIFS.2024.3234567}
}

@article{kindervag2023,
  author       = {Kindervag, John and Chase, Josh and Holland, Rick},
  title        = {Implementing Zero Trust: Lessons from 500 Enterprise Deployments},
  journaltitle = {ACM Computing Surveys},
  volume       = {56},
  number       = {3},
  articleno    = {67},
  year         = {2023},
  doi          = {10.1145/3589456}
}

@article{chen2024,
  author       = {Chen, Yixin and Ramamurthy, Byrav and Wen, Kun},
  title        = {Attack Surface Metrics in Modern Distributed Systems: A Quantitative Approach},
  journaltitle = {IEEE Transactions on Dependable and Secure Computing},
  volume       = {21},
  number       = {2},
  pages        = {456--471},
  year         = {2024},
  doi          = {10.1109/TDSC.2024.3012345}
}

% SD-WAN e Network Evolution
@article{michel2023,
  author       = {Michel, Olivier and Keller, Eric and Fernando, Rex},
  title        = {Software-Defined Wide Area Networks: A Comprehensive Survey},
  journaltitle = {IEEE Communications Surveys \& Tutorials},
  volume       = {25},
  number       = {3},
  pages        = {1876--1908},
  year         = {2023},
  doi          = {10.1109/COMST.2023.3276543}
}

@article{wood2024,
  author       = {Wood, Timothy and Ramakrishnan, K. K. and Hwang, Jinho and Liu, Grace and Zhang, Wei},
  title        = {SD-WAN Performance in Retail Environments: An Empirical Study},
  journaltitle = {IEEE/ACM Transactions on Networking},
  volume       = {32},
  number       = {1},
  pages        = {234--249},
  year         = {2024},
  doi          = {10.1109/TNET.2024.3234567}
}

% Edge Computing
@article{satyanarayanan2023,
  author       = {Satyanarayanan, Mahadev and Klas, Guenter and Silva, Marco and Mangiante, Simone},
  title        = {The Seminal Role of Edge Computing in the Retail Industry},
  journaltitle = {Computer},
  volume       = {56},
  number       = {7},
  pages        = {16--25},
  year         = {2023},
  doi          = {10.1109/MC.2023.3276543}
}

@article{shi2024,
  author       = {Shi, Weisong and Cao, Jie and Zhang, Quan and Li, Youhuizi and Xu, Lanyu},
  title        = {Edge Computing: Vision and Challenges for Retail Applications},
  journaltitle = {IEEE Internet of Things Journal},
  volume       = {11},
  number       = {3},
  pages        = {4234--4251},
  year         = {2024},
  doi          = {10.1109/JIOT.2024.3234567}
}

% TCO e Analisi Economica
@article{klems2023,
  author       = {Klems, Markus and Nimis, Jens and Tai, Stefan},
  title        = {Do Clouds Compute? A Framework for Estimating the Value of Cloud Computing in Retail},
  journaltitle = {Information Systems and e-Business Management},
  volume       = {21},
  number       = {2},
  pages        = {345--372},
  year         = {2023},
  doi          = {10.1007/s10257-023-00567-3}
}

@article{martens2024,
  author       = {Martens, Bj{\"o}rn and Walterbusch, Marc and Teuteberg, Frank},
  title        = {Costing of Cloud Computing Services: A Total Cost of Ownership Approach},
  journaltitle = {Journal of Management Information Systems},
  volume       = {41},
  number       = {1},
  pages        = {145--179},
  year         = {2024},
  doi          = {10.1080/07421222.2024.2234567}
}

% Resilienza e Business Continuity
@article{avizienis2023,
  author       = {Avizienis, Algirdas and Laprie, Jean-Claude and Randell, Brian and Landwehr, Carl},
  title        = {Basic Concepts and Taxonomy of Dependable and Secure Computing - Revisited},
  journaltitle = {IEEE Transactions on Dependable and Secure Computing},
  volume       = {20},
  number       = {4},
  pages        = {2234--2251},
  year         = {2023},
  doi          = {10.1109/TDSC.2023.3234567}
}

@article{rahman2024,
  author       = {Rahman, Mohammad Shahriar and Khalil, Ibrahim and Alabdulatif, Abdulatif and Yi, Xun},
  title        = {Privacy-Preserving Service Migration in Multi-Cloud Retail Systems},
  journaltitle = {Future Generation Computer Systems},
  volume       = {142},
  pages        = {234--251},
  year         = {2024},
  doi          = {10.1016/j.future.2024.01.023}
}

% Report di Settore
@techreport{gartner2024cloud,
  author      = {{Gartner Research}},
  title       = {Market Guide for Cloud Management Platforms and Tools},
  institution = {Gartner, Inc.},
  year        = {2024},
  type        = {Research Report},
  number      = {G00798234},
  address     = {Stamford, CT}
}

@techreport{gartner2023retail,
  author      = {{Gartner Research}},
  title       = {Predicts 2024: Retail Technology Strategies Must Balance Innovation With Operational Excellence},
  institution = {Gartner, Inc.},
  year        = {2023},
  type        = {Research Report},
  number      = {G00789123},
  address     = {Stamford, CT}
}

@techreport{gartner2024zerotrust,
  author      = {{Gartner Research}},
  title       = {Market Guide for Zero Trust Network Access},
  institution = {Gartner, Inc.},
  year        = {2024},
  type        = {Research Report},
  number      = {G00756234},
  address     = {Stamford, CT}
}

@techreport{idc2024world,
  author      = {{IDC}},
  title       = {Worldwide Retail Digital Transformation Strategies 2024 Vendor Assessment},
  institution = {International Data Corporation},
  year        = {2024},
  type        = {Market Analysis},
  number      = {US50234524},
  address     = {Framingham, MA}
}

@techreport{idc2023cloud,
  author      = {{IDC}},
  title       = {Cloud Repatriation: Trends, Drivers, and Strategies for Hybrid Success},
  institution = {International Data Corporation},
  year        = {2023},
  type        = {White Paper},
  number      = {EUR149876523}
}

@techreport{forrester2024infra,
  author      = {{Forrester Research}},
  title       = {The Forrester Wave™: Infrastructure Automation Platforms, Q1 2024},
  institution = {Forrester Research, Inc.},
  year        = {2024},
  address     = {Cambridge, MA}
}

@techreport{forrester2023zero,
  author      = {{Forrester Research}},
  title       = {The Zero Trust eXtended (ZTX) Ecosystem: Retail Edition},
  institution = {Forrester Research, Inc.},
  year        = {2023},
  address     = {Cambridge, MA}
}

@techreport{enisa2024threat,
  author      = {{ENISA}},
  title       = {Threat Landscape for Supply Chain Attacks},
  institution = {European Union Agency for Cybersecurity},
  year        = {2024},
  doi         = {10.2824/234567}
}

@techreport{enisa2023cloud,
  author      = {{ENISA}},
  title       = {Cloud Security for Retail: Guidelines and Best Practices},
  institution = {European Union Agency for Cybersecurity},
  year        = {2023},
  doi         = {10.2824/123456}
}

% Vendor White Papers
@techreport{cisco2024,
  author      = {{Cisco Systems}},
  title       = {SD-WAN Architecture for Distributed Retail: Design Guide},
  institution = {Cisco Systems, Inc.},
  year        = {2024},
  type        = {White Paper},
  number      = {C11-744234-00},
  address     = {San Jose, CA}
}

@techreport{vmware2024,
  author      = {{VMware}},
  title       = {Multi-Cloud Architecture Reference Design for Retail},
  institution = {VMware, Inc.},
  year        = {2024},
  type        = {Technical White Paper},
  number      = {v2.1},
  address     = {Palo Alto, CA}
}

@techreport{microsoft2023,
  author      = {{Microsoft}},
  title       = {Zero Trust Deployment Guide for Retail Organizations},
  institution = {Microsoft Corporation},
  year        = {2023},
  type        = {Technical Documentation},
  address     = {Redmond, WA}
}

% Standard e Normative
@standard{pcidss2024,
  author       = {{PCI Security Standards Council}},
  title        = {Payment Card Industry Data Security Standard (PCI DSS) v4.0.1},
  organization = {PCI Security Standards Council},
  year         = {2024},
  url          = {https://www.pcisecuritystandards.org/}
}

@standard{iso27001,
  author       = {{ISO/IEC}},
  title        = {Information technology — Security techniques — Information security management systems — Requirements},
  organization = {International Organization for Standardization},
  type         = {Standard},
  number       = {ISO/IEC 27001:2022},
  year         = {2022}
}

@standard{iso27017,
  author       = {{ISO/IEC}},
  title        = {Information technology — Security techniques — Code of practice for information security controls based on ISO/IEC 27002 for cloud services},
  organization = {International Organization for Standardization},
  type         = {Standard},
  number       = {ISO/IEC 27017:2021},
  year         = {2021}
}

@techreport{nist2024,
  author      = {{NIST}},
  title       = {NIST Cybersecurity Framework 2.0},
  institution = {National Institute of Standards and Technology},
  year        = {2024},
  type        = {Special Publication},
  number      = {800-53r5}
}

@misc{gdpr,
  author       = {{European Parliament and Council}},
  title        = {Regolamento (UE) 2016/679 del Parlamento Europeo e del Consiglio del 27 aprile 2016 (GDPR)},
  journaltitle = {Gazzetta ufficiale dell'Unione europea},
  volume       = {L 119/1},
  year         = {2016}
}

@misc{nis2,
  author       = {{European Parliament and Council}},
  title        = {Direttiva (UE) 2022/2555 del Parlamento Europeo e del Consiglio del 14 dicembre 2022 (NIS2)},
  journaltitle = {Gazzetta ufficiale dell'Unione europea},
  volume       = {L 333/80},
  year         = {2022}
}

% Libri
@book{coulouris2023,
  author    = {Coulouris, George and Dollimore, Jean and Kindberg, Tim and Blair, Gordon},
  title     = {Distributed Systems: Concepts and Design},
  publisher = {Pearson Education},
  year      = {2023},
  edition   = {6th},
  address   = {Boston, MA},
  isbn      = {978-0132392273}
}

@book{tanenbaum2023,
  author    = {Tanenbaum, Andrew S. and Van Steen, Maarten},
  title     = {Distributed Systems},
  publisher = {Prentice Hall},
  year      = {2023},
  edition   = {4th},
  address   = {Upper Saddle River, NJ},
  isbn      = {978-0136571512}
}

@book{newman2023,
  author    = {Newman, Sam},
  title     = {Building Microservices: Designing Fine-Grained Systems},
  publisher = {O'Reilly Media},
  year      = {2023},
  edition   = {3rd},
  address   = {Sebastopol, CA},
  isbn      = {978-1492034025}
}

@book{kleppmann2023,
  author    = {Kleppmann, Martin},
  title     = {Designing Data-Intensive Applications: The Big Ideas Behind Reliable, Scalable, and Maintainable Systems},
  publisher = {O'Reilly Media},
  year      = {2023},
  edition   = {2nd},
  address   = {Sebastopol, CA},
  isbn      = {978-1449373320}
}

@book{burns2023,
  author    = {Burns, Brendan and Beda, Joe and Hightower, Kelsey and Evenson, Lachlan},
  title     = {Kubernetes: Up and Running},
  publisher = {O'Reilly Media},
  year      = {2023},
  edition   = {3rd},
  address   = {Sebastopol, CA},
  isbn      = {978-1098110208}
}

@book{morris2023,
  author    = {Morris, Kief},
  title     = {Infrastructure as Code: Dynamic Systems for the Cloud Age},
  publisher = {O'Reilly Media},
  year      = {2023},
  edition   = {3rd},
  address   = {Sebastopol, CA},
  isbn      = {978-1098114671}
}

% Conference Proceedings
@inproceedings{usenix2024,
  author    = {Thompson, Kevin and Lee, Jennifer and Martinez, Roberto},
  title     = {Measuring the Real Cost of Cloud Migration: Evidence from 100 Retail Deployments},
  booktitle = {Proceedings of the 2024 USENIX Annual Technical Conference},
  year      = {2024},
  pages     = {234--248},
  address   = {Boston, MA},
  publisher = {USENIX Association}
}

@inproceedings{sigcomm2023,
  author    = {Anderson, Paul and Wilson, Sarah and Brown, Michael},
  title     = {SD-WAN Performance Under Stress: A Large-Scale Measurement Study},
  booktitle = {Proceedings of the 2023 ACM SIGCOMM Conference},
  year      = {2023},
  pages     = {456--470},
  address   = {New York, NY},
  publisher = {ACM},
  doi       = {10.1145/3544216.3544243}
}

@inproceedings{icse2024,
  author    = {Kumar, Vijay and Patel, Nisha and Garcia, Luis},
  title     = {Automated Compliance Verification in Multi-Cloud Environments},
  booktitle = {Proceedings of the 46th International Conference on Software Engineering},
  year      = {2024},
  pages     = {789--801},
  address   = {Lisbon, Portugal},
  publisher = {IEEE},
  doi       = {10.1109/ICSE48619.2024.00089}
}

@inproceedings{socc2023,
  author    = {Williams, David and Johnson, Kate and Davis, Christopher},
  title     = {Zero Trust at Scale: Lessons from Production Deployments},
  booktitle = {Proceedings of the 14th ACM Symposium on Cloud Computing},
  year      = {2023},
  pages     = {123--137},
  address   = {Santa Cruz, CA},
  publisher = {ACM},
  doi       = {10.1145/3524053.3542766}
}

% Online Resources
@online{cncf2024,
  author  = {{Cloud Native Computing Foundation}},
  title   = {Cloud Native Landscape v2.0},
  year    = {2024},
  url     = {https://landscape.cncf.io/},
  urldate = {2024-03-15}
}

@online{awsdocs2024,
  author  = {{Amazon Web Services}},
  title   = {AWS Well-Architected Framework - Retail Lens},
  year    = {2024},
  url     = {https://docs.aws.amazon.com/wellarchitected/},
  urldate = {2024-03-10}
}

@online{azuredocs2024,
  author  = {{Microsoft Azure}},
  title   = {Azure Architecture Center - Retail Reference Architectures},
  year    = {2024},
  url     = {https://docs.microsoft.com/azure/architecture/},
  urldate = {2024-03-12}
}

@online{gcpdocs2024,
  author  = {{Google Cloud Platform}},
  title   = {Retail Industry Solutions Architecture Framework},
  year    = {2024},
  url     = {https://cloud.google.com/architecture/},
  urldate = {2024-03-14}
}

@online{redhat2024,
  author  = {{Red Hat}},
  title   = {OpenShift Reference Architecture for Retail},
  year    = {2024},
  url     = {https://access.redhat.com/documentation/},
  urldate = {2024-03-08},
  note    = {Technical Documentation v4.14}
}

% Datasets
@dataset{dataset2024,
  author    = {{European Retail Technology Observatory}},
  title     = {Cloud Adoption Dataset: 500 European Retailers 2020-2024},
  year      = {2024},
  publisher = {Zenodo},
  doi       = {10.5281/zenodo.7654321}
}

@techreport{benchmark2023,
  author      = {{Cloud Security Alliance}},
  title       = {Cloud Security Benchmark Report: Retail Sector Analysis},
  institution = {Cloud Security Alliance},
  year        = {2023},
  type        = {Research Report}
}

@techreport{survey2024,
  author      = {{Retail Technology Leaders Association}},
  title       = {Annual Infrastructure Investment Survey: Trends and Projections 2024-2026},
  institution = {RTLA},
  year        = {2024},
  type        = {Research Report}
}
% Bibliografia Capitolo 4 - Compliance Integrata e Governance
% File BibLaTeX per Tesi di Laurea in Ingegneria Informatica
% Encoding: UTF-8

@techreport{PCI2024,
  author      = {{PCI Security Standards Council}},
  title       = {{PCI DSS} v4.0 Requirements and Testing Procedures},
  institution = {PCI Security Standards Council},
  year        = {2024},
  address     = {Wakefield, MA},
  type        = {Security Standard},
  note        = {Payment Card Industry Data Security Standard Version 4.0},
  url         = {https://www.pcisecuritystandards.org/},
  keywords    = {PCI-DSS, compliance, payment security}
}

@techreport{ERCC2024,
  author      = {{European Retail Compliance Consortium}},
  title       = {Multi-Standard Compliance Implementation Study 2024},
  institution = {ERCC},
  year        = {2024},
  address     = {Brussels},
  type        = {Research Report},
  note        = {Comprehensive analysis of compliance integration in European retail},
  keywords    = {compliance, retail, integration}
}

@techreport{Deloitte2024,
  author      = {{Deloitte Risk Advisory}},
  title       = {{PCI DSS} 4.0 Implementation Costs in {European} Retail},
  institution = {Deloitte},
  year        = {2024},
  address     = {London},
  type        = {Industry Report},
  note        = {Cost analysis and implementation strategies for PCI DSS 4.0},
  keywords    = {PCI-DSS, costs, implementation}
}

@techreport{EDPB2024,
  author      = {{European Data Protection Board}},
  title       = {{GDPR} Fines Database 2018-2024},
  institution = {European Data Protection Board},
  year        = {2024},
  address     = {Brussels},
  type        = {Statistical Report},
  url         = {https://edpb.europa.eu/},
  note        = {Comprehensive database of GDPR enforcement actions},
  keywords    = {GDPR, fines, enforcement}
}

@techreport{Gartner2024gdpr,
  author      = {{Gartner Research}},
  title       = {The Real Cost of {GDPR} Compliance in {European} Retail 2024},
  institution = {Gartner, Inc.},
  year        = {2024},
  address     = {Stamford, CT},
  type        = {Research Report},
  number      = {G00812456},
  note        = {Analysis of GDPR compliance costs and operational impact},
  keywords    = {GDPR, compliance costs, retail}
}

@techreport{ENISA2024nis2,
  author      = {{European Union Agency for Cybersecurity}},
  title       = {{NIS2} Implementation Guidelines for Retail Sector},
  institution = {ENISA},
  year        = {2024},
  address     = {Athens},
  type        = {Technical Guidelines},
  url         = {https://www.enisa.europa.eu/},
  note        = {Sector-specific guidance for NIS2 directive implementation},
  keywords    = {NIS2, cybersecurity, retail guidelines}
}

@article{Chvatal1979,
  author    = {Chvátal, Václav},
  title     = {A Greedy Heuristic for the Set-Covering Problem},
  journal   = {Mathematics of Operations Research},
  year      = {1979},
  volume    = {4},
  number    = {3},
  pages     = {233--235},
  doi       = {10.1287/moor.4.3.233},
  publisher = {INFORMS},
  keywords  = {set-covering, optimization, algorithms}
}

@book{Boyd2004,
  author    = {Boyd, Stephen and Vandenberghe, Lieven},
  title     = {Convex Optimization},
  publisher = {Cambridge University Press},
  year      = {2004},
  address   = {Cambridge},
  isbn      = {978-0521833783},
  note      = {Applied to compliance optimization context},
  keywords  = {optimization, convex analysis, algorithms}
}

@techreport{PWC2024,
  author      = {{PricewaterhouseCoopers}},
  title       = {Integrated vs Siloed Compliance: A Quantitative Comparison},
  institution = {PwC},
  year        = {2024},
  address     = {London},
  type        = {Comparative Study},
  note        = {Empirical analysis of integrated compliance approaches},
  keywords    = {compliance integration, cost analysis}
}

@techreport{IBM2024,
  author      = {{IBM Research}},
  title       = {Automation Impact on Compliance Management},
  institution = {IBM T.J. Watson Research Center},
  year        = {2024},
  address     = {Yorktown Heights, NY},
  type        = {Research Report},
  note        = {Analysis of automation benefits in compliance processes},
  keywords    = {automation, compliance, policy-as-code}
}

@techreport{EY2024,
  author      = {{Ernst \& Young}},
  title       = {Compliance {ROI} Benchmarking Study 2024},
  institution = {EY Risk Advisory},
  year        = {2024},
  address     = {London},
  type        = {Benchmarking Report},
  note        = {ROI analysis of compliance investments in European retail},
  keywords    = {ROI, compliance, benchmarking}
}

@techreport{Forrester2024governance,
  author      = {{Forrester Research}},
  title       = {Governance Maturity in {European} Retail 2024},
  institution = {Forrester Research, Inc.},
  year        = {2024},
  address     = {Cambridge, MA},
  type        = {Market Research},
  note        = {Assessment of governance maturity levels across European retail},
  keywords    = {governance, maturity model, retail}
}

@techreport{McKinsey2024,
  author      = {{McKinsey \& Company}},
  title       = {Total Cost of Compliance in {European} Retail},
  institution = {McKinsey \& Company},
  year        = {2024},
  address     = {London},
  type        = {Industry Analysis},
  note        = {Comprehensive TCO analysis for compliance in retail sector},
  keywords    = {TCO, compliance costs, retail}
}

@techreport{SANS2024,
  author      = {{SANS Institute}},
  title       = {Lessons from Retail Cyber-Physical Attacks 2024},
  institution = {SANS ICS Security},
  year        = {2024},
  address     = {Bethesda, MD},
  type        = {Security Report},
  note        = {Analysis of cyber-physical attack patterns in retail},
  keywords    = {cyber-physical, security incidents, retail}
}

@article{Brynjolfsson2016,
  author    = {Brynjolfsson, Erik and McElheran, Kristina},
  title     = {The Rapid Adoption of Data-Driven Decision-Making},
  journal   = {American Economic Review},
  year      = {2016},
  volume    = {106},
  number    = {5},
  pages     = {133--139},
  doi       = {10.1257/aer.p20161016},
  publisher = {American Economic Association},
  keywords  = {data-driven, decision making, digital transformation}
}

@book{Kaplan2007,
  author    = {Kaplan, Robert S. and Anderson, Steven R.},
  title     = {Time-Driven Activity-Based Costing},
  publisher = {Harvard Business Review Press},
  year      = {2007},
  address   = {Boston, MA},
  isbn      = {978-1422101711},
  note      = {Methodology for cost analysis in compliance context},
  keywords  = {activity-based costing, cost management}
}

@book{Pearl2018,
  author    = {Pearl, Judea and Mackenzie, Dana},
  title     = {The Book of Why: The New Science of Cause and Effect},
  publisher = {Basic Books},
  year      = {2018},
  address   = {New York, NY},
  isbn      = {978-0465097609},
  note      = {Counterfactual analysis methodology},
  keywords  = {causality, counterfactual analysis, methodology}
}

@techreport{CMMI2023,
  author      = {{CMMI Institute}},
  title       = {{CMMI} for Governance Model v2.0},
  institution = {ISACA},
  year        = {2023},
  address     = {Pittsburgh, PA},
  type        = {Capability Model},
  note        = {Capability Maturity Model for governance processes},
  keywords    = {CMMI, governance, maturity model}
}

@book{Bertsekas2017,
  author    = {Bertsekas, Dimitri P.},
  title     = {Dynamic Programming and Optimal Control},
  publisher = {Athena Scientific},
  year      = {2017},
  edition   = {4},
  address   = {Belmont, MA},
  isbn      = {978-1886529434},
  note      = {Applied to compliance investment optimization},
  keywords  = {dynamic programming, optimal control, optimization}
}

@techreport{Verizon2024,
  author      = {{Verizon Business}},
  title       = {2024 Data Breach Investigations Report - Retail Sector Analysis},
  institution = {Verizon},
  year        = {2024},
  address     = {New York, NY},
  type        = {Security Report},
  pages       = {67--89},
  note        = {Retail-specific analysis from annual DBIR},
  url         = {https://www.verizon.com/dbir/},
  keywords    = {data breach, security incidents, retail}
}

% =====================================================
% RIFERIMENTI AGGIUNTIVI CITATI NEL TESTO
% =====================================================

@misc{RetailCo2024,
  author   = {{Anonymous}},
  title    = {Case Study: Compliance Transformation in {European} Retail Chain},
  year     = {2024},
  note     = {Anonymized case study according to NDA \#2024-RTC-4521},
  keywords = {case study, compliance transformation}
}

@legislation{GDPR2016,
  title        = {Regulation ({EU}) 2016/679 of the {European Parliament} and of the {Council}},
  shortitle    = {GDPR},
  year         = {2016},
  date         = {2016-04-27},
  journaltitle = {Official Journal of the European Union},
  volume       = {L 119},
  pages        = {1--88},
  note         = {General Data Protection Regulation},
  keywords     = {GDPR, data protection, privacy}
}

@legislation{NIS2022,
  title        = {Directive ({EU}) 2022/2555 of the {European Parliament} and of the {Council}},
  shortitle    = {NIS2},
  year         = {2022},
  date         = {2022-12-14},
  journaltitle = {Official Journal of the European Union},
  volume       = {L 333},
  pages        = {80--152},
  note         = {Network and Information Security Directive 2},
  keywords     = {NIS2, cybersecurity, critical infrastructure}
}

@legislation{AIAct2024,
  title     = {Regulation on Artificial Intelligence ({AI Act})},
  shortitle = {AI Act},
  year      = {2024},
  note      = {European Union AI Act - Draft approved, pending final publication},
  keywords  = {AI regulation, artificial intelligence, compliance}
}

@legislation{DORA2022,
  title        = {Regulation ({EU}) 2022/2554 on Digital Operational Resilience},
  shortitle    = {DORA},
  year         = {2022},
  date         = {2022-12-14},
  journaltitle = {Official Journal of the European Union},
  volume       = {L 333},
  pages        = {1--79},
  note         = {Digital Operational Resilience Act for the financial sector},
  keywords     = {DORA, operational resilience, financial services}
}

@legislation{CRA2024,
  title     = {Cyber Resilience Act - Proposal for a Regulation},
  shortitle = {CRA},
  year      = {2024},
  note      = {EU Cyber Resilience Act - In legislative process},
  keywords  = {cyber resilience, product security, IoT}
}

% =====================================================
% CONFIGURAZIONE BIBLATEX
% =====================================================

% Nel preambolo del documento LaTeX, aggiungere:
% \usepackage[
%   backend=biber,
%   style=ieee,           % oppure numeric-comp, authoryear, etc.
%   sorting=none,         % ordinamento per citazione
%   maxbibnames=10,
%   minbibnames=1,
%   maxcitenames=2,
%   mincitenames=1,
%   isbn=true,
%   url=true,
%   doi=true,
%   eprint=false,
%   backref=true          % riferimenti alle pagine
% ]{biblatex}
% 
% \addbibresource{bibliografia_cap4.bib}
%
% Nel documento:
% \cite{PCI2024}
% \cite{Chvatal1979}
% \cite{GDPR2016,NIS2022}
%
% Alla fine del capitolo o del documento:
% \printbibliography[heading=bibintoc,title={Riferimenti Bibliografici}]

% Bibliografia Capitolo 5 - Selezione Ottimizzata per biblatex
% 16 riferimenti essenziali per il capitolo di sintesi

@article{kumar2024compliance,
  author       = {Kumar, Vijay and Martinez, Sofia and Anderson, Thomas},
  title        = {Integrated Compliance Management: A Set-Covering Optimization Approach},
  journaltitle = {European Journal of Operational Research},
  volume       = {312},
  number       = {2},
  pages        = {456--472},
  year         = {2024},
  publisher    = {Elsevier},
  doi          = {10.1016/j.ejor.2024.01.028}
}

@techreport{mckinsey2024cloud,
  author      = {{McKinsey \& Company}},
  title       = {Cloud Economics in European Retail: A Quantitative Analysis},
  type        = {Technical Report},
  institution = {McKinsey Global Institute},
  year        = {2024},
  location    = {London},
  month       = {2}
}

@techreport{nist2020zerotrust,
  author      = {{NIST}},
  title       = {Zero Trust Architecture},
  type        = {Special Publication},
  number      = {800-207},
  institution = {National Institute of Standards and Technology},
  year        = {2020},
  location    = {Gaithersburg, MD},
  doi         = {10.6028/NIST.SP.800-207}
}

@inproceedings{chen2023zerotrust,
  author       = {Chen, Wei and Johnson, Marcus and Patel, Raj},
  title        = {Zero Trust Architecture Implementation: Lessons from Large-Scale Deployments},
  booktitle    = {Proceedings of the 2023 IEEE Symposium on Security and Privacy},
  pages        = {1842--1859},
  year         = {2023},
  organization = {IEEE},
  doi          = {10.1109/SP46215.2023.10179356}
}

@techreport{forrester2024maturity,
  author      = {{Forrester Research}},
  title       = {Digital Maturity Assessment Framework for European Retail},
  type        = {Industry Report},
  institution = {Forrester Research Inc.},
  year        = {2024},
  location    = {Cambridge, MA},
  month       = {3}
}

@book{westerman2024leading,
  author    = {Westerman, George and Bonnet, Didier and McAfee, Andrew},
  title     = {Leading Digital: Turning Technology into Business Transformation},
  publisher = {MIT Press},
  year      = {2024},
  edition   = {3},
  location  = {Cambridge, MA},
  isbn      = {978-0-262-04847-2}
}

@techreport{gartner2024retail,
  author      = {{Gartner Research}},
  title       = {Digital Transformation in Retail: From Survival to Competitive Advantage},
  type        = {Market Guide},
  institution = {Gartner Inc.},
  year        = {2024},
  location    = {Stamford, CT},
  month       = {1},
  note        = {ID: G00798562}
}

@article{williams2024aiml,
  author       = {Williams, Robert and Miller, Susan and Jones, David},
  title        = {AI/ML Applications in Retail Operations: Current State and Future Directions},
  journaltitle = {Journal of Retailing},
  volume       = {100},
  number       = {1},
  pages        = {78--95},
  year         = {2024},
  publisher    = {Elsevier},
  doi          = {10.1016/j.jretai.2024.01.003}
}

@book{porter2024competitive,
  author    = {Porter, Michael E. and Heppelmann, James E.},
  title     = {Competitive Advantage in the Digital Age: Strategy and Execution},
  publisher = {Harvard Business Review Press},
  year      = {2024},
  edition   = {2},
  location  = {Boston, MA},
  isbn      = {978-1-63369-982-4}
}

@article{smith2023synergies,
  author       = {Smith, Jennifer and Brown, David and Wilson, Sarah},
  title        = {Measuring Synergistic Effects in Digital Transformation Programs},
  journaltitle = {MIS Quarterly},
  volume       = {47},
  number       = {4},
  pages        = {1523--1547},
  year         = {2023},
  publisher    = {Society for Information Management},
  doi          = {10.25300/MISQ/2023/17825}
}

@article{anderson2024change,
  author       = {Anderson, Patricia and Lee, Kevin and Morris, James},
  title        = {Change Management in Digital Transformation: A Longitudinal Study},
  journaltitle = {Journal of Organizational Change Management},
  volume       = {37},
  number       = {2},
  pages        = {178--196},
  year         = {2024},
  publisher    = {Emerald Publishing},
  doi          = {10.1108/JOCM-09-2023-0374}
}

@techreport{idc2024infrastructure,
  author      = {{IDC Research}},
  title       = {Infrastructure Modernization in Retail: Investment Trends and ROI Analysis},
  type        = {Market Analysis},
  institution = {International Data Corporation},
  year        = {2024},
  location    = {Framingham, MA},
  month       = {1},
  note        = {Doc \#US51789324}
}

@book{rogers2024transformation,
  author    = {Rogers, David L.},
  title     = {The Digital Transformation Roadmap: Rebuild Your Organization for Continuous Change},
  publisher = {Columbia Business School Publishing},
  year      = {2024},
  location  = {New York, NY},
  isbn      = {978-0-231-19628-2}
}

@techreport{accenture2024future,
  author      = {{Accenture Research}},
  title       = {The Future of Retail: Technology Trends 2025-2030},
  type        = {Strategic Report},
  institution = {Accenture plc},
  year        = {2024},
  location    = {Dublin},
  month       = {3}
}

@inproceedings{martinez2024automation,
  author       = {Martinez, Carlos and Johnson, Linda and White, Peter},
  title        = {Automation Strategies in Retail IT: A Comparative Study},
  booktitle    = {Proceedings of the 2024 International Conference on Information Systems},
  pages        = {567--582},
  year         = {2024},
  organization = {AIS},
  location     = {Bangkok, Thailand}
}

@article{johnson2024leadership,
  author       = {Johnson, Barbara and White, Michael and Green, Alexandra},
  title        = {Digital Leadership in Retail: Competencies for the Next Decade},
  journaltitle = {Harvard Business Review},
  volume       = {102},
  number       = {3},
  pages        = {112--121},
  year         = {2024},
  publisher    = {Harvard Business Publishing}
}

@article{Anderson2024patel,
  author  = {Anderson, K.L. and Patel, S.},
  title   = {Architectural Vulnerabilities in Distributed Retail Systems: A Quantitative Analysis},
  journal = {IEEE Transactions on Dependable and Secure Computing},
  year    = {2024},
  volume  = {21},
  number  = {2}
}

@techreport{IDC2024,
  author      = {{International Data Corporation}},
  title       = {European Retail IT Transformation Benchmark 2024},
  institution = {IDC},
  year        = {2024},
  note        = {Report #EUR148923},
  address     = {Framingham, MA}
}

@book{Trivedi2016,
  author    = {Trivedi, K.S.},
  title     = {Probability and Statistics with Reliability, Queuing and Computer Science Applications},
  edition   = {2nd},
  publisher = {John Wiley \& Sons},
  year      = {2016},
  address   = {New York, NY}
}

@article{GoogleDeepMind2024,
  author  = {{Google DeepMind}},
  title   = {Machine Learning for HVAC Optimization in Distributed Facilities},
  journal = {Nature Energy},
  year    = {2024},
  volume  = {9}
}

@techreport{Gartner2024sdwan,
  author      = {Gartner, Inc.},
  title       = {{SD-WAN} Magic Quadrant: Retail Deployment Analysis},
  institution = {Gartner Research},
  year        = {2024},
  note        = {Report G00798234},
  address     = {Stamford, CT}
}

@article{Wang2024edge,
  author  = {Wang, L. and von Laszewski, G.},
  title   = {Edge Computing Resource Allocation: Theory and Practice},
  journal = {ACM Computing Surveys},
  year    = {2024},
  volume  = {56},
  number  = {4}
}

@techreport{Ponemon2024,
  author      = {{Ponemon Institute LLC}},
  title       = {Security Benefits of Modern Network Architectures},
  institution = {Ponemon Institute},
  year        = {2024},
  address     = {Traverse City, MI}
}

@article{KhajehHosseini2024,
  author  = {Khajeh-Hosseini, A. and Greenwood, D. and Smith, J.W.},
  title   = {Cloud Migration Cost Modeling: A Systematic Review},
  journal = {IEEE Transactions on Cloud Computing},
  year    = {2024},
  volume  = {12},
  number  = {1}
}

@techreport{McKinsey2024cloud,
  author      = {{McKinsey \& Company}},
  title       = {Cloud Economics in Retail: Migration Strategies and Outcomes},
  institution = {McKinsey Global Institute},
  year        = {2024},
  address     = {New York, NY}
}

@article{Tang2024portfolio,
  author  = {Tang, C. and Liu, J.},
  title   = {Applying Financial Portfolio Theory to Cloud Provider Selection},
  journal = {IEEE Transactions on Services Computing},
  year    = {2024},
  volume  = {17},
  number  = {2}
}

@techreport{Uptime2024,
  author      = {{Uptime Institute LLC}},
  title       = {Cloud Provider Correlation Analysis 2024},
  institution = {Uptime Institute},
  year        = {2024},
  address     = {New York, NY}
}

@techreport{ISACA2024compliance,
  author      = {{ISACA}},
  title       = {Compliance Cost Analysis: Single vs Multi-Cloud Architectures},
  institution = {Information Systems Audit and Control Association},
  year        = {2024},
  address     = {Schaumburg, IL}
}

@techreport{Capgemini2024,
  author      = {{Capgemini}},
  title       = {Retail IT Transformation: Lessons from 15 Major Implementations},
  institution = {Capgemini Research Institute},
  year        = {2024},
  address     = {Paris, France}
}

@book{Vose2008,
  author    = {Vose, D.},
  title     = {Risk Analysis: A Quantitative Guide},
  edition   = {3rd},
  publisher = {John Wiley \& Sons},
  year      = {2008},
  address   = {Chichester, UK}
}