% Riferimenti al repository e software da aggiungere al file bibliografia

@software{gist_framework_2025,
  author       = {{GIST Framework Research Team}},
  title        = {{GIST Framework: Implementation Repository for Digital Maturity Assessment in Italian Retail Sector}},
  year         = {2025},
  publisher    = {GitHub},
  version      = {1.0.0},
  url          = {https://github.com/gist-framework/gdo-security},
  note         = {Software repository contenente implementazioni complete degli algoritmi GIST, ASSA-GDO e Digital Twin Framework}
}

@misc{gist_calculator_software,
  author       = {{GIST Framework Research Team}},
  title        = {{GIST Calculator: Python Implementation for Digital Maturity Scoring}},
  year         = {2025},
  howpublished = {\url{https://github.com/gist-framework/gdo-security/blob/main/gist_calculator.py}},
  note         = {Implementazione Python del calcolatore GIST Score con validazione su 234 organizzazioni GDO}
}

@misc{assa_gdo_algorithm,
  author       = {{GIST Framework Research Team}},
  title        = {{ASSA-GDO: Attack Surface Score Algorithm for Retail Sector}},
  year         = {2025},
  howpublished = {\url{https://github.com/gist-framework/gdo-security/blob/main/assa_gdo_calculator.py}},
  note         = {Algoritmo per la quantificazione della superficie di attacco nel settore GDO}
}

@misc{digital_twin_framework,
  author       = {{GIST Framework Research Team}},
  title        = {{GDO Digital Twin: Synthetic Data Generation Framework}},
  year         = {2025},
  howpublished = {\url{https://github.com/gist-framework/gdo-security/blob/main/gdo_digital_twin.py}},
  note         = {Framework per generazione di dataset sintetici calibrati su dati ISTAT 2023}
}

@dataset{gist_validation_dataset,
  author       = {{GIST Framework Research Team}},
  title        = {{GIST Framework Validation Dataset}},
  year         = {2025},
  publisher    = {GitHub},
  url          = {https://github.com/gist-framework/gdo-security/tree/main/data},
  note         = {Dataset anonimizzato di 234 organizzazioni GDO utilizzato per calibrazione e validazione del framework}
}

@manual{gist_documentation,
  author       = {{GIST Framework Research Team}},
  title        = {{GIST Framework Documentation}},
  year         = {2025},
  url          = {https://github.com/gist-framework/gdo-security/blob/main/README.md},
  note         = {Documentazione completa del framework GIST inclusi API reference, esempi d'uso e guide deployment}
}

@misc{gist_templates,
  author       = {{GIST Framework Research Team}},
  title        = {{Operational Templates for GDO Security}},
  year         = {2025},
  howpublished = {\url{https://github.com/gist-framework/gdo-security/tree/main/templates}},
  note         = {Template operativi production-ready: runbook ransomware, checklist cloud, dashboard Grafana}
}